;; -*- mode: org; mode: beancount; -*-
;; Birth: 1980-05-12
;; Dates: 2022-01-01 - 2024-10-07
;; THIS FILE HAS BEEN AUTO-GENERATED.
* Options

option "title" "Example Beancount file"
option "operating_currency" "USD"




* Commodities


1792-01-01 commodity USD
  name: "US Dollar"
  export: "CASH"

1900-01-01 commodity VMMXX
  export: "MUTF:VMMXX (MONEY:USD)"

1980-05-12 commodity VACHR
  name: "Employer Vacation Hours"
  export: "IGNORE"

1980-05-12 commodity IRAUSD
  name: "US 401k and IRA Contributions"
  export: "IGNORE"

1995-09-18 commodity VBMPX
  name: "Vanguard Total Bond Market Index Fund Institutional Plus Shares"
  export: "MUTF:VBMPX"
  price: "USD:google/MUTF:VBMPX"

2004-01-20 commodity ITOT
  name: "iShares Core S&P Total U.S. Stock Market ETF"
  export: "NYSEARCA:ITOT"
  price: "USD:google/NYSEARCA:ITOT"

2004-01-26 commodity VHT
  name: "Vanguard Health Care ETF"
  export: "NYSEARCA:VHT"
  price: "USD:google/NYSEARCA:VHT"

2004-11-01 commodity GLD
  name: "SPDR Gold Trust (ETF)"
  export: "NYSEARCA:GLD"
  price: "USD:google/NYSEARCA:GLD"

2007-07-20 commodity VEA
  name: "Vanguard FTSE Developed Markets ETF"
  export: "NYSEARCA:VEA"
  price: "USD:google/NYSEARCA:VEA"

2009-05-01 commodity RGAGX
  name: "American Funds The Growth Fund of America Class R-6"
  export: "MUTF:RGAGX"
  price: "USD:google/MUTF:RGAGX"



* Equity Accounts

1980-05-12 open Equity:Opening-Balances
1980-05-12 open Liabilities:AccountsPayable



* Banking

2022-01-01 open Assets:US:BofA
  institution: "Bank of America"
  address: "123 America Street, LargeTown, USA"
  phone: "+1.012.345.6789"
2022-01-01 open Assets:US:BofA:Checking                        USD
  account: "00234-48574897"

2022-01-01 * "Opening Balance for checking account"
  Assets:US:BofA:Checking                         3861.75 USD
  Equity:Opening-Balances                        -3861.75 USD

2022-01-02 balance Assets:US:BofA:Checking        3861.75 USD

2022-01-04 * "BANK FEES" "Monthly bank fee"
  Assets:US:BofA:Checking                           -4.00 USD
  Expenses:Financial:Fees                            4.00 USD

2022-01-05 * "RiverBank Properties" "Paying the rent"
  Assets:US:BofA:Checking                        -2400.00 USD
  Expenses:Home:Rent                              2400.00 USD

2022-01-08 * "EDISON POWER" ""
  Assets:US:BofA:Checking                          -65.00 USD
  Expenses:Home:Electricity                         65.00 USD

2022-01-18 * "Verizon Wireless" ""
  Assets:US:BofA:Checking                          -43.29 USD
  Expenses:Home:Phone                               43.29 USD

2022-01-21 * "Wine-Tarner Cable" ""
  Assets:US:BofA:Checking                          -79.97 USD
  Expenses:Home:Internet                            79.97 USD

2022-01-28 balance Assets:US:BofA:Checking        3849.55 USD

2022-02-04 * "BANK FEES" "Monthly bank fee"
  Assets:US:BofA:Checking                           -4.00 USD
  Expenses:Financial:Fees                            4.00 USD

2022-02-04 * "RiverBank Properties" "Paying the rent"
  Assets:US:BofA:Checking                        -2400.00 USD
  Expenses:Home:Rent                              2400.00 USD

2022-02-09 * "EDISON POWER" ""
  Assets:US:BofA:Checking                          -65.00 USD
  Expenses:Home:Electricity                         65.00 USD

2022-02-19 * "Verizon Wireless" ""
  Assets:US:BofA:Checking                          -47.56 USD
  Expenses:Home:Phone                               47.56 USD

2022-02-21 * "Wine-Tarner Cable" ""
  Assets:US:BofA:Checking                          -80.12 USD
  Expenses:Home:Internet                            80.12 USD

2022-02-27 balance Assets:US:BofA:Checking        3252.70 USD

2022-03-03 * "RiverBank Properties" "Paying the rent"
  Assets:US:BofA:Checking                        -2400.00 USD
  Expenses:Home:Rent                              2400.00 USD

2022-03-04 * "BANK FEES" "Monthly bank fee"
  Assets:US:BofA:Checking                           -4.00 USD
  Expenses:Financial:Fees                            4.00 USD

2022-03-08 * "EDISON POWER" ""
  Assets:US:BofA:Checking                          -65.00 USD
  Expenses:Home:Electricity                         65.00 USD

2022-03-18 * "Verizon Wireless" ""
  Assets:US:BofA:Checking                          -60.04 USD
  Expenses:Home:Phone                               60.04 USD

2022-03-22 * "Wine-Tarner Cable" ""
  Assets:US:BofA:Checking                          -79.99 USD
  Expenses:Home:Internet                            79.99 USD

2022-03-26 balance Assets:US:BofA:Checking        2679.71 USD

2022-04-04 * "BANK FEES" "Monthly bank fee"
  Assets:US:BofA:Checking                           -4.00 USD
  Expenses:Financial:Fees                            4.00 USD

2022-04-05 * "RiverBank Properties" "Paying the rent"
  Assets:US:BofA:Checking                        -2400.00 USD
  Expenses:Home:Rent                              2400.00 USD

2022-04-08 * "EDISON POWER" ""
  Assets:US:BofA:Checking                          -65.00 USD
  Expenses:Home:Electricity                         65.00 USD

2022-04-20 * "Verizon Wireless" ""
  Assets:US:BofA:Checking                          -45.78 USD
  Expenses:Home:Phone                               45.78 USD

2022-04-21 * "Wine-Tarner Cable" ""
  Assets:US:BofA:Checking                          -80.05 USD
  Expenses:Home:Internet                            80.05 USD

2022-04-22 balance Assets:US:BofA:Checking        2191.74 USD

2022-05-03 * "RiverBank Properties" "Paying the rent"
  Assets:US:BofA:Checking                        -2400.00 USD
  Expenses:Home:Rent                              2400.00 USD

2022-05-04 * "BANK FEES" "Monthly bank fee"
  Assets:US:BofA:Checking                           -4.00 USD
  Expenses:Financial:Fees                            4.00 USD

2022-05-09 * "EDISON POWER" ""
  Assets:US:BofA:Checking                          -65.00 USD
  Expenses:Home:Electricity                         65.00 USD

2022-05-14 balance Assets:US:BofA:Checking        1787.60 USD

2022-05-18 * "Verizon Wireless" ""
  Assets:US:BofA:Checking                          -69.03 USD
  Expenses:Home:Phone                               69.03 USD

2022-05-21 * "Wine-Tarner Cable" ""
  Assets:US:BofA:Checking                          -80.04 USD
  Expenses:Home:Internet                            80.04 USD

2022-06-03 * "RiverBank Properties" "Paying the rent"
  Assets:US:BofA:Checking                        -2400.00 USD
  Expenses:Home:Rent                              2400.00 USD

2022-06-04 * "BANK FEES" "Monthly bank fee"
  Assets:US:BofA:Checking                           -4.00 USD
  Expenses:Financial:Fees                            4.00 USD

2022-06-09 balance Assets:US:BofA:Checking         585.13 USD

2022-06-09 * "EDISON POWER" ""
  Assets:US:BofA:Checking                          -65.00 USD
  Expenses:Home:Electricity                         65.00 USD

2022-06-20 * "Verizon Wireless" ""
  Assets:US:BofA:Checking                          -76.06 USD
  Expenses:Home:Phone                               76.06 USD

2022-06-21 * "Wine-Tarner Cable" ""
  Assets:US:BofA:Checking                          -80.15 USD
  Expenses:Home:Internet                            80.15 USD

2022-06-30 balance Assets:US:BofA:Checking        2404.00 USD

2022-07-03 * "RiverBank Properties" "Paying the rent"
  Assets:US:BofA:Checking                        -2400.00 USD
  Expenses:Home:Rent                              2400.00 USD

2022-07-04 * "BANK FEES" "Monthly bank fee"
  Assets:US:BofA:Checking                           -4.00 USD
  Expenses:Financial:Fees                            4.00 USD

2022-07-09 * "EDISON POWER" ""
  Assets:US:BofA:Checking                          -65.00 USD
  Expenses:Home:Electricity                         65.00 USD

2022-07-18 * "Verizon Wireless" ""
  Assets:US:BofA:Checking                          -72.39 USD
  Expenses:Home:Phone                               72.39 USD

2022-07-21 * "Wine-Tarner Cable" ""
  Assets:US:BofA:Checking                          -79.85 USD
  Expenses:Home:Internet                            79.85 USD

2022-07-23 balance Assets:US:BofA:Checking        2165.79 USD

2022-08-04 * "BANK FEES" "Monthly bank fee"
  Assets:US:BofA:Checking                           -4.00 USD
  Expenses:Financial:Fees                            4.00 USD

2022-08-05 * "RiverBank Properties" "Paying the rent"
  Assets:US:BofA:Checking                        -2400.00 USD
  Expenses:Home:Rent                              2400.00 USD

2022-08-08 * "EDISON POWER" ""
  Assets:US:BofA:Checking                          -65.00 USD
  Expenses:Home:Electricity                         65.00 USD

2022-08-18 * "Verizon Wireless" ""
  Assets:US:BofA:Checking                          -48.92 USD
  Expenses:Home:Phone                               48.92 USD

2022-08-21 balance Assets:US:BofA:Checking        3598.30 USD

2022-08-22 * "Wine-Tarner Cable" ""
  Assets:US:BofA:Checking                          -79.97 USD
  Expenses:Home:Internet                            79.97 USD

2022-09-04 * "BANK FEES" "Monthly bank fee"
  Assets:US:BofA:Checking                           -4.00 USD
  Expenses:Financial:Fees                            4.00 USD

2022-09-06 * "RiverBank Properties" "Paying the rent"
  Assets:US:BofA:Checking                        -2400.00 USD
  Expenses:Home:Rent                              2400.00 USD

2022-09-08 * "EDISON POWER" ""
  Assets:US:BofA:Checking                          -65.00 USD
  Expenses:Home:Electricity                         65.00 USD

2022-09-14 balance Assets:US:BofA:Checking        2897.33 USD

2022-09-16 * "Transfering accumulated savings to other account"
  Assets:US:BofA:Checking                           -4000 USD
  Assets:US:ETrade:Cash                              4000 USD

2022-09-20 * "Verizon Wireless" ""
  Assets:US:BofA:Checking                          -66.38 USD
  Expenses:Home:Phone                               66.38 USD

2022-09-23 * "Wine-Tarner Cable" ""
  Assets:US:BofA:Checking                          -79.82 USD
  Expenses:Home:Internet                            79.82 USD

2022-10-04 * "BANK FEES" "Monthly bank fee"
  Assets:US:BofA:Checking                           -4.00 USD
  Expenses:Financial:Fees                            4.00 USD

2022-10-05 * "RiverBank Properties" "Paying the rent"
  Assets:US:BofA:Checking                        -2400.00 USD
  Expenses:Home:Rent                              2400.00 USD

2022-10-08 * "EDISON POWER" ""
  Assets:US:BofA:Checking                          -65.00 USD
  Expenses:Home:Electricity                         65.00 USD

2022-10-12 balance Assets:US:BofA:Checking         590.24 USD

2022-10-20 * "Verizon Wireless" ""
  Assets:US:BofA:Checking                          -59.61 USD
  Expenses:Home:Phone                               59.61 USD

2022-10-22 * "Wine-Tarner Cable" ""
  Assets:US:BofA:Checking                          -79.88 USD
  Expenses:Home:Internet                            79.88 USD

2022-11-04 * "BANK FEES" "Monthly bank fee"
  Assets:US:BofA:Checking                           -4.00 USD
  Expenses:Financial:Fees                            4.00 USD

2022-11-05 * "RiverBank Properties" "Paying the rent"
  Assets:US:BofA:Checking                        -2400.00 USD
  Expenses:Home:Rent                              2400.00 USD

2022-11-09 balance Assets:US:BofA:Checking        3147.95 USD

2022-11-09 * "EDISON POWER" ""
  Assets:US:BofA:Checking                          -65.00 USD
  Expenses:Home:Electricity                         65.00 USD

2022-11-11 * "Transfering accumulated savings to other account"
  Assets:US:BofA:Checking                           -4500 USD
  Assets:US:ETrade:Cash                              4500 USD

2022-11-20 * "Verizon Wireless" ""
  Assets:US:BofA:Checking                          -62.05 USD
  Expenses:Home:Phone                               62.05 USD

2022-11-23 * "Wine-Tarner Cable" ""
  Assets:US:BofA:Checking                          -80.14 USD
  Expenses:Home:Internet                            80.14 USD

2022-11-30 balance Assets:US:BofA:Checking        2814.86 USD

2022-12-04 * "BANK FEES" "Monthly bank fee"
  Assets:US:BofA:Checking                           -4.00 USD
  Expenses:Financial:Fees                            4.00 USD

2022-12-05 * "RiverBank Properties" "Paying the rent"
  Assets:US:BofA:Checking                        -2400.00 USD
  Expenses:Home:Rent                              2400.00 USD

2022-12-08 * "EDISON POWER" ""
  Assets:US:BofA:Checking                          -65.00 USD
  Expenses:Home:Electricity                         65.00 USD

2022-12-18 * "Verizon Wireless" ""
  Assets:US:BofA:Checking                          -47.79 USD
  Expenses:Home:Phone                               47.79 USD

2022-12-23 * "Wine-Tarner Cable" ""
  Assets:US:BofA:Checking                          -80.00 USD
  Expenses:Home:Internet                            80.00 USD

2022-12-26 balance Assets:US:BofA:Checking        5430.75 USD

2023-01-04 * "BANK FEES" "Monthly bank fee"
  Assets:US:BofA:Checking                           -4.00 USD
  Expenses:Financial:Fees                            4.00 USD

2023-01-06 * "RiverBank Properties" "Paying the rent"
  Assets:US:BofA:Checking                        -2400.00 USD
  Expenses:Home:Rent                              2400.00 USD

2023-01-09 * "EDISON POWER" ""
  Assets:US:BofA:Checking                          -65.00 USD
  Expenses:Home:Electricity                         65.00 USD

2023-01-20 * "Verizon Wireless" ""
  Assets:US:BofA:Checking                          -71.13 USD
  Expenses:Home:Phone                               71.13 USD

2023-01-23 * "Wine-Tarner Cable" ""
  Assets:US:BofA:Checking                          -79.87 USD
  Expenses:Home:Internet                            79.87 USD

2023-01-25 balance Assets:US:BofA:Checking        4849.87 USD

2023-02-03 * "RiverBank Properties" "Paying the rent"
  Assets:US:BofA:Checking                        -2400.00 USD
  Expenses:Home:Rent                              2400.00 USD

2023-02-04 * "BANK FEES" "Monthly bank fee"
  Assets:US:BofA:Checking                           -4.00 USD
  Expenses:Financial:Fees                            4.00 USD

2023-02-08 * "EDISON POWER" ""
  Assets:US:BofA:Checking                          -65.00 USD
  Expenses:Home:Electricity                         65.00 USD

2023-02-15 balance Assets:US:BofA:Checking        2967.41 USD

2023-02-19 * "Verizon Wireless" ""
  Assets:US:BofA:Checking                          -78.80 USD
  Expenses:Home:Phone                               78.80 USD

2023-02-21 * "Wine-Tarner Cable" ""
  Assets:US:BofA:Checking                          -79.95 USD
  Expenses:Home:Internet                            79.95 USD

2023-03-04 * "BANK FEES" "Monthly bank fee"
  Assets:US:BofA:Checking                           -4.00 USD
  Expenses:Financial:Fees                            4.00 USD

2023-03-05 * "RiverBank Properties" "Paying the rent"
  Assets:US:BofA:Checking                        -2400.00 USD
  Expenses:Home:Rent                              2400.00 USD

2023-03-09 * "EDISON POWER" ""
  Assets:US:BofA:Checking                          -65.00 USD
  Expenses:Home:Electricity                         65.00 USD

2023-03-14 balance Assets:US:BofA:Checking        2594.42 USD

2023-03-20 * "Verizon Wireless" ""
  Assets:US:BofA:Checking                          -58.70 USD
  Expenses:Home:Phone                               58.70 USD

2023-03-22 * "Wine-Tarner Cable" ""
  Assets:US:BofA:Checking                          -79.99 USD
  Expenses:Home:Internet                            79.99 USD

2023-04-04 * "BANK FEES" "Monthly bank fee"
  Assets:US:BofA:Checking                           -4.00 USD
  Expenses:Financial:Fees                            4.00 USD

2023-04-05 * "RiverBank Properties" "Paying the rent"
  Assets:US:BofA:Checking                        -2400.00 USD
  Expenses:Home:Rent                              2400.00 USD

2023-04-09 balance Assets:US:BofA:Checking        1420.17 USD

2023-04-09 * "EDISON POWER" ""
  Assets:US:BofA:Checking                          -65.00 USD
  Expenses:Home:Electricity                         65.00 USD

2023-04-18 * "Verizon Wireless" ""
  Assets:US:BofA:Checking                          -39.83 USD
  Expenses:Home:Phone                               39.83 USD

2023-04-22 * "Wine-Tarner Cable" ""
  Assets:US:BofA:Checking                          -80.10 USD
  Expenses:Home:Internet                            80.10 USD

2023-05-04 * "BANK FEES" "Monthly bank fee"
  Assets:US:BofA:Checking                           -4.00 USD
  Expenses:Financial:Fees                            4.00 USD

2023-05-06 * "RiverBank Properties" "Paying the rent"
  Assets:US:BofA:Checking                        -2400.00 USD
  Expenses:Home:Rent                              2400.00 USD

2023-05-08 * "EDISON POWER" ""
  Assets:US:BofA:Checking                          -65.00 USD
  Expenses:Home:Electricity                         65.00 USD

2023-05-09 balance Assets:US:BofA:Checking        1467.44 USD

2023-05-18 * "Verizon Wireless" ""
  Assets:US:BofA:Checking                          -54.28 USD
  Expenses:Home:Phone                               54.28 USD

2023-05-22 * "Wine-Tarner Cable" ""
  Assets:US:BofA:Checking                          -80.00 USD
  Expenses:Home:Internet                            80.00 USD

2023-06-04 balance Assets:US:BofA:Checking        3396.65 USD

2023-06-04 * "BANK FEES" "Monthly bank fee"
  Assets:US:BofA:Checking                           -4.00 USD
  Expenses:Financial:Fees                            4.00 USD

2023-06-06 * "RiverBank Properties" "Paying the rent"
  Assets:US:BofA:Checking                        -2400.00 USD
  Expenses:Home:Rent                              2400.00 USD

2023-06-08 * "EDISON POWER" ""
  Assets:US:BofA:Checking                          -65.00 USD
  Expenses:Home:Electricity                         65.00 USD

2023-06-20 * "Verizon Wireless" ""
  Assets:US:BofA:Checking                          -59.50 USD
  Expenses:Home:Phone                               59.50 USD

2023-06-23 * "Wine-Tarner Cable" ""
  Assets:US:BofA:Checking                          -79.91 USD
  Expenses:Home:Internet                            79.91 USD

2023-06-24 balance Assets:US:BofA:Checking        3204.94 USD

2023-07-04 * "BANK FEES" "Monthly bank fee"
  Assets:US:BofA:Checking                           -4.00 USD
  Expenses:Financial:Fees                            4.00 USD

2023-07-05 * "RiverBank Properties" "Paying the rent"
  Assets:US:BofA:Checking                        -2400.00 USD
  Expenses:Home:Rent                              2400.00 USD

2023-07-09 * "EDISON POWER" ""
  Assets:US:BofA:Checking                          -65.00 USD
  Expenses:Home:Electricity                         65.00 USD

2023-07-15 balance Assets:US:BofA:Checking        1316.84 USD

2023-07-19 * "Verizon Wireless" ""
  Assets:US:BofA:Checking                          -65.01 USD
  Expenses:Home:Phone                               65.01 USD

2023-07-22 * "Wine-Tarner Cable" ""
  Assets:US:BofA:Checking                          -79.97 USD
  Expenses:Home:Internet                            79.97 USD

2023-08-03 * "RiverBank Properties" "Paying the rent"
  Assets:US:BofA:Checking                        -2400.00 USD
  Expenses:Home:Rent                              2400.00 USD

2023-08-04 * "BANK FEES" "Monthly bank fee"
  Assets:US:BofA:Checking                           -4.00 USD
  Expenses:Financial:Fees                            4.00 USD

2023-08-09 * "EDISON POWER" ""
  Assets:US:BofA:Checking                          -65.00 USD
  Expenses:Home:Electricity                         65.00 USD

2023-08-11 balance Assets:US:BofA:Checking        1318.90 USD

2023-08-18 * "Transfering accumulated savings to other account"
  Assets:US:BofA:Checking                           -3000 USD
  Assets:US:ETrade:Cash                              3000 USD

2023-08-19 * "Verizon Wireless" ""
  Assets:US:BofA:Checking                          -45.29 USD
  Expenses:Home:Phone                               45.29 USD

2023-08-22 * "Wine-Tarner Cable" ""
  Assets:US:BofA:Checking                          -80.13 USD
  Expenses:Home:Internet                            80.13 USD

2023-09-03 balance Assets:US:BofA:Checking        3294.68 USD

2023-09-04 * "BANK FEES" "Monthly bank fee"
  Assets:US:BofA:Checking                           -4.00 USD
  Expenses:Financial:Fees                            4.00 USD

2023-09-06 * "RiverBank Properties" "Paying the rent"
  Assets:US:BofA:Checking                        -2400.00 USD
  Expenses:Home:Rent                              2400.00 USD

2023-09-09 * "EDISON POWER" ""
  Assets:US:BofA:Checking                          -65.00 USD
  Expenses:Home:Electricity                         65.00 USD

2023-09-20 * "Verizon Wireless" ""
  Assets:US:BofA:Checking                          -51.18 USD
  Expenses:Home:Phone                               51.18 USD

2023-09-23 * "Wine-Tarner Cable" ""
  Assets:US:BofA:Checking                          -80.09 USD
  Expenses:Home:Internet                            80.09 USD

2023-09-28 balance Assets:US:BofA:Checking        2726.60 USD

2023-10-04 * "BANK FEES" "Monthly bank fee"
  Assets:US:BofA:Checking                           -4.00 USD
  Expenses:Financial:Fees                            4.00 USD

2023-10-04 * "RiverBank Properties" "Paying the rent"
  Assets:US:BofA:Checking                        -2400.00 USD
  Expenses:Home:Rent                              2400.00 USD

2023-10-08 * "EDISON POWER" ""
  Assets:US:BofA:Checking                          -65.00 USD
  Expenses:Home:Electricity                         65.00 USD

2023-10-13 * "Transfering accumulated savings to other account"
  Assets:US:BofA:Checking                           -3500 USD
  Assets:US:ETrade:Cash                              3500 USD

2023-10-19 * "Verizon Wireless" ""
  Assets:US:BofA:Checking                          -64.44 USD
  Expenses:Home:Phone                               64.44 USD

2023-10-20 balance Assets:US:BofA:Checking         925.52 USD

2023-10-22 * "Wine-Tarner Cable" ""
  Assets:US:BofA:Checking                          -80.08 USD
  Expenses:Home:Internet                            80.08 USD

2023-11-04 * "BANK FEES" "Monthly bank fee"
  Assets:US:BofA:Checking                           -4.00 USD
  Expenses:Financial:Fees                            4.00 USD

2023-11-04 * "RiverBank Properties" "Paying the rent"
  Assets:US:BofA:Checking                        -2400.00 USD
  Expenses:Home:Rent                              2400.00 USD

2023-11-09 * "EDISON POWER" ""
  Assets:US:BofA:Checking                          -65.00 USD
  Expenses:Home:Electricity                         65.00 USD

2023-11-15 balance Assets:US:BofA:Checking        2788.23 USD

2023-11-19 * "Verizon Wireless" ""
  Assets:US:BofA:Checking                          -72.19 USD
  Expenses:Home:Phone                               72.19 USD

2023-11-23 * "Wine-Tarner Cable" ""
  Assets:US:BofA:Checking                          -79.96 USD
  Expenses:Home:Internet                            79.96 USD

2023-12-04 * "BANK FEES" "Monthly bank fee"
  Assets:US:BofA:Checking                           -4.00 USD
  Expenses:Financial:Fees                            4.00 USD

2023-12-05 * "RiverBank Properties" "Paying the rent"
  Assets:US:BofA:Checking                        -2400.00 USD
  Expenses:Home:Rent                              2400.00 USD

2023-12-07 balance Assets:US:BofA:Checking        2782.68 USD

2023-12-08 * "EDISON POWER" ""
  Assets:US:BofA:Checking                          -65.00 USD
  Expenses:Home:Electricity                         65.00 USD

2023-12-20 * "Verizon Wireless" ""
  Assets:US:BofA:Checking                          -59.77 USD
  Expenses:Home:Phone                               59.77 USD

2023-12-23 * "Wine-Tarner Cable" ""
  Assets:US:BofA:Checking                          -79.97 USD
  Expenses:Home:Internet                            79.97 USD

2023-12-29 balance Assets:US:BofA:Checking        7333.99 USD

2024-01-04 * "BANK FEES" "Monthly bank fee"
  Assets:US:BofA:Checking                           -4.00 USD
  Expenses:Financial:Fees                            4.00 USD

2024-01-05 * "RiverBank Properties" "Paying the rent"
  Assets:US:BofA:Checking                        -2400.00 USD
  Expenses:Home:Rent                              2400.00 USD

2024-01-08 * "EDISON POWER" ""
  Assets:US:BofA:Checking                          -65.00 USD
  Expenses:Home:Electricity                         65.00 USD

2024-01-18 * "Verizon Wireless" ""
  Assets:US:BofA:Checking                          -57.57 USD
  Expenses:Home:Phone                               57.57 USD

2024-01-23 * "Wine-Tarner Cable" ""
  Assets:US:BofA:Checking                          -80.09 USD
  Expenses:Home:Internet                            80.09 USD

2024-01-28 balance Assets:US:BofA:Checking        6714.97 USD

2024-02-04 * "BANK FEES" "Monthly bank fee"
  Assets:US:BofA:Checking                           -4.00 USD
  Expenses:Financial:Fees                            4.00 USD

2024-02-05 * "RiverBank Properties" "Paying the rent"
  Assets:US:BofA:Checking                        -2400.00 USD
  Expenses:Home:Rent                              2400.00 USD

2024-02-08 * "EDISON POWER" ""
  Assets:US:BofA:Checking                          -65.00 USD
  Expenses:Home:Electricity                         65.00 USD

2024-02-18 * "Verizon Wireless" ""
  Assets:US:BofA:Checking                          -52.62 USD
  Expenses:Home:Phone                               52.62 USD

2024-02-21 * "Wine-Tarner Cable" ""
  Assets:US:BofA:Checking                          -80.01 USD
  Expenses:Home:Internet                            80.01 USD

2024-02-23 balance Assets:US:BofA:Checking        6374.50 USD

2024-03-04 * "BANK FEES" "Monthly bank fee"
  Assets:US:BofA:Checking                           -4.00 USD
  Expenses:Financial:Fees                            4.00 USD

2024-03-06 * "RiverBank Properties" "Paying the rent"
  Assets:US:BofA:Checking                        -2400.00 USD
  Expenses:Home:Rent                              2400.00 USD

2024-03-08 * "EDISON POWER" ""
  Assets:US:BofA:Checking                          -65.00 USD
  Expenses:Home:Electricity                         65.00 USD

2024-03-19 * "Verizon Wireless" ""
  Assets:US:BofA:Checking                          -64.48 USD
  Expenses:Home:Phone                               64.48 USD

2024-03-20 balance Assets:US:BofA:Checking        5999.62 USD

2024-03-21 * "Wine-Tarner Cable" ""
  Assets:US:BofA:Checking                          -79.99 USD
  Expenses:Home:Internet                            79.99 USD

2024-04-04 * "BANK FEES" "Monthly bank fee"
  Assets:US:BofA:Checking                           -4.00 USD
  Expenses:Financial:Fees                            4.00 USD

2024-04-05 * "RiverBank Properties" "Paying the rent"
  Assets:US:BofA:Checking                        -2400.00 USD
  Expenses:Home:Rent                              2400.00 USD

2024-04-09 * "EDISON POWER" ""
  Assets:US:BofA:Checking                          -65.00 USD
  Expenses:Home:Electricity                         65.00 USD

2024-04-17 balance Assets:US:BofA:Checking        5007.99 USD

2024-04-19 * "Verizon Wireless" ""
  Assets:US:BofA:Checking                          -51.63 USD
  Expenses:Home:Phone                               51.63 USD

2024-04-23 * "Wine-Tarner Cable" ""
  Assets:US:BofA:Checking                          -80.06 USD
  Expenses:Home:Internet                            80.06 USD

2024-05-04 * "BANK FEES" "Monthly bank fee"
  Assets:US:BofA:Checking                           -4.00 USD
  Expenses:Financial:Fees                            4.00 USD

2024-05-04 * "RiverBank Properties" "Paying the rent"
  Assets:US:BofA:Checking                        -2400.00 USD
  Expenses:Home:Rent                              2400.00 USD

2024-05-07 balance Assets:US:BofA:Checking        3822.90 USD

2024-05-09 * "EDISON POWER" ""
  Assets:US:BofA:Checking                          -65.00 USD
  Expenses:Home:Electricity                         65.00 USD

2024-05-19 * "Verizon Wireless" ""
  Assets:US:BofA:Checking                          -64.41 USD
  Expenses:Home:Phone                               64.41 USD

2024-05-23 * "Wine-Tarner Cable" ""
  Assets:US:BofA:Checking                          -79.94 USD
  Expenses:Home:Internet                            79.94 USD

2024-05-28 balance Assets:US:BofA:Checking        5654.91 USD

2024-06-04 * "BANK FEES" "Monthly bank fee"
  Assets:US:BofA:Checking                           -4.00 USD
  Expenses:Financial:Fees                            4.00 USD

2024-06-05 * "RiverBank Properties" "Paying the rent"
  Assets:US:BofA:Checking                        -2400.00 USD
  Expenses:Home:Rent                              2400.00 USD

2024-06-09 * "EDISON POWER" ""
  Assets:US:BofA:Checking                          -65.00 USD
  Expenses:Home:Electricity                         65.00 USD

2024-06-18 * "Verizon Wireless" ""
  Assets:US:BofA:Checking                          -52.89 USD
  Expenses:Home:Phone                               52.89 USD

2024-06-21 * "Wine-Tarner Cable" ""
  Assets:US:BofA:Checking                          -80.01 USD
  Expenses:Home:Internet                            80.01 USD

2024-06-24 balance Assets:US:BofA:Checking        4972.61 USD

2024-07-03 * "RiverBank Properties" "Paying the rent"
  Assets:US:BofA:Checking                        -2400.00 USD
  Expenses:Home:Rent                              2400.00 USD

2024-07-04 * "BANK FEES" "Monthly bank fee"
  Assets:US:BofA:Checking                           -4.00 USD
  Expenses:Financial:Fees                            4.00 USD

2024-07-09 * "EDISON POWER" ""
  Assets:US:BofA:Checking                          -65.00 USD
  Expenses:Home:Electricity                         65.00 USD

2024-07-16 balance Assets:US:BofA:Checking        3133.40 USD

2024-07-19 * "Verizon Wireless" ""
  Assets:US:BofA:Checking                          -78.61 USD
  Expenses:Home:Phone                               78.61 USD

2024-07-19 * "Transfering accumulated savings to other account"
  Assets:US:BofA:Checking                           -3000 USD
  Assets:US:ETrade:Cash                              3000 USD

2024-07-21 * "Wine-Tarner Cable" ""
  Assets:US:BofA:Checking                          -80.09 USD
  Expenses:Home:Internet                            80.09 USD

2024-08-03 * "RiverBank Properties" "Paying the rent"
  Assets:US:BofA:Checking                        -2400.00 USD
  Expenses:Home:Rent                              2400.00 USD

2024-08-04 * "BANK FEES" "Monthly bank fee"
  Assets:US:BofA:Checking                           -4.00 USD
  Expenses:Financial:Fees                            4.00 USD

2024-08-09 * "EDISON POWER" ""
  Assets:US:BofA:Checking                          -65.00 USD
  Expenses:Home:Electricity                         65.00 USD

2024-08-11 balance Assets:US:BofA:Checking         222.46 USD

2024-08-19 * "Verizon Wireless" ""
  Assets:US:BofA:Checking                          -50.49 USD
  Expenses:Home:Phone                               50.49 USD

2024-08-21 * "Wine-Tarner Cable" ""
  Assets:US:BofA:Checking                          -79.99 USD
  Expenses:Home:Internet                            79.99 USD

2024-09-04 * "BANK FEES" "Monthly bank fee"
  Assets:US:BofA:Checking                           -4.00 USD
  Expenses:Financial:Fees                            4.00 USD

2024-09-06 * "RiverBank Properties" "Paying the rent"
  Assets:US:BofA:Checking                        -2400.00 USD
  Expenses:Home:Rent                              2400.00 USD

2024-09-07 balance Assets:US:BofA:Checking        2789.18 USD

2024-09-09 * "EDISON POWER" ""
  Assets:US:BofA:Checking                          -65.00 USD
  Expenses:Home:Electricity                         65.00 USD

2024-09-13 * "Transfering accumulated savings to other account"
  Assets:US:BofA:Checking                           -4000 USD
  Assets:US:ETrade:Cash                              4000 USD

2024-09-19 * "Verizon Wireless" ""
  Assets:US:BofA:Checking                          -63.01 USD
  Expenses:Home:Phone                               63.01 USD

2024-09-23 * "Wine-Tarner Cable" ""
  Assets:US:BofA:Checking                          -79.93 USD
  Expenses:Home:Internet                            79.93 USD

2024-10-03 balance Assets:US:BofA:Checking        3095.75 USD

2024-10-04 * "BANK FEES" "Monthly bank fee"
  Assets:US:BofA:Checking                           -4.00 USD
  Expenses:Financial:Fees                            4.00 USD



* Credit-Cards

1980-05-12 open Liabilities:US:Chase:Slate                      USD

2022-01-02 * "Jewel of Morroco" "Eating out with Julie"
  Liabilities:US:Chase:Slate                       -28.24 USD
  Expenses:Food:Restaurant                          28.24 USD

2022-01-04 * "Jewel of Morroco" "Eating out alone"
  Liabilities:US:Chase:Slate                       -30.69 USD
  Expenses:Food:Restaurant                          30.69 USD

2022-01-06 * "Chichipotle" "Eating out with Joe"
  Liabilities:US:Chase:Slate                       -37.39 USD
  Expenses:Food:Restaurant                          37.39 USD

2022-01-07 * "Chase:Slate" "Paying off credit card"
  Liabilities:US:Chase:Slate                       121.14 USD
  Assets:US:BofA:Checking                         -121.14 USD

2022-01-08 * "Cafe Modagor" "Eating out after work"
  Liabilities:US:Chase:Slate                       -24.82 USD
  Expenses:Food:Restaurant                          24.82 USD

2022-01-13 * "Rose Flower" "Eating out with work buddies"
  Liabilities:US:Chase:Slate                       -23.74 USD
  Expenses:Food:Restaurant                          23.74 USD

2022-01-14 * "Cafe Modagor" "Eating out with Bill"
  Liabilities:US:Chase:Slate                       -26.37 USD
  Expenses:Food:Restaurant                          26.37 USD

2022-01-16 * "Jewel of Morroco" "Eating out with work buddies"
  Liabilities:US:Chase:Slate                       -24.20 USD
  Expenses:Food:Restaurant                          24.20 USD

2022-01-18 * "Cafe Modagor" "Eating out after work"
  Liabilities:US:Chase:Slate                       -32.78 USD
  Expenses:Food:Restaurant                          32.78 USD

2022-01-18 * "Good Moods Market" "Buying groceries"
  Liabilities:US:Chase:Slate                      -122.23 USD
  Expenses:Food:Groceries                          122.23 USD

2022-01-20 * "China Garden" "Eating out with Julie"
  Liabilities:US:Chase:Slate                       -38.59 USD
  Expenses:Food:Restaurant                          38.59 USD

2022-01-23 * "Uncle Boons" "Eating out with work buddies"
  Liabilities:US:Chase:Slate                       -38.47 USD
  Expenses:Food:Restaurant                          38.47 USD

2022-01-25 balance Liabilities:US:Chase:Slate     -306.38 USD

2022-01-28 * "Goba Goba" "Eating out "
  Liabilities:US:Chase:Slate                       -21.88 USD
  Expenses:Food:Restaurant                          21.88 USD

2022-01-29 * "Corner Deli" "Buying groceries"
  Liabilities:US:Chase:Slate                       -64.78 USD
  Expenses:Food:Groceries                           64.78 USD

2022-01-31 * "Rose Flower" "Eating out with Bill"
  Liabilities:US:Chase:Slate                       -20.46 USD
  Expenses:Food:Restaurant                          20.46 USD

2022-02-03 * "Metro Transport Authority" "Tram tickets"
  Liabilities:US:Chase:Slate                      -120.00 USD
  Expenses:Transport:Tram                          120.00 USD

2022-02-04 * "Onion Market" "Buying groceries"
  Liabilities:US:Chase:Slate                       -79.97 USD
  Expenses:Food:Groceries                           79.97 USD

2022-02-05 * "China Garden" "Eating out after work"
  Liabilities:US:Chase:Slate                       -25.17 USD
  Expenses:Food:Restaurant                          25.17 USD

2022-02-06 * "Kin Soy" "Eating out after work"
  Liabilities:US:Chase:Slate                       -21.80 USD
  Expenses:Food:Restaurant                          21.80 USD

2022-02-09 * "Goba Goba" "Eating out with work buddies"
  Liabilities:US:Chase:Slate                       -20.51 USD
  Expenses:Food:Restaurant                          20.51 USD

2022-02-10 * "Chase:Slate" "Paying off credit card"
  Liabilities:US:Chase:Slate                       701.37 USD
  Assets:US:BofA:Checking                         -701.37 USD

2022-02-12 * "Cafe Modagor" "Eating out alone"
  Liabilities:US:Chase:Slate                       -20.42 USD
  Expenses:Food:Restaurant                          20.42 USD

2022-02-15 * "Uncle Boons" "Eating out with work buddies"
  Liabilities:US:Chase:Slate                       -43.57 USD
  Expenses:Food:Restaurant                          43.57 USD

2022-02-17 * "Chichipotle" "Eating out with Bill"
  Liabilities:US:Chase:Slate                       -21.03 USD
  Expenses:Food:Restaurant                          21.03 USD

2022-02-18 * "Jewel of Morroco" "Eating out with Natasha"
  Liabilities:US:Chase:Slate                       -38.59 USD
  Expenses:Food:Restaurant                          38.59 USD

2022-02-19 * "Corner Deli" "Buying groceries"
  Liabilities:US:Chase:Slate                       -53.21 USD
  Expenses:Food:Groceries                           53.21 USD

2022-02-20 * "Goba Goba" "Eating out with Bill"
  Liabilities:US:Chase:Slate                       -21.97 USD
  Expenses:Food:Restaurant                          21.97 USD

2022-02-21 balance Liabilities:US:Chase:Slate     -178.37 USD

2022-02-21 * "Uncle Boons" "Eating out with Natasha"
  Liabilities:US:Chase:Slate                       -29.70 USD
  Expenses:Food:Restaurant                          29.70 USD

2022-02-22 * "Uncle Boons" "Eating out with work buddies"
  Liabilities:US:Chase:Slate                       -22.08 USD
  Expenses:Food:Restaurant                          22.08 USD

2022-02-23 * "China Garden" "Eating out with Julie"
  Liabilities:US:Chase:Slate                       -18.26 USD
  Expenses:Food:Restaurant                          18.26 USD

2022-02-26 * "Rose Flower" "Eating out with work buddies"
  Liabilities:US:Chase:Slate                       -59.59 USD
  Expenses:Food:Restaurant                          59.59 USD

2022-02-27 * "Corner Deli" "Buying groceries"
  Liabilities:US:Chase:Slate                       -71.17 USD
  Expenses:Food:Groceries                           71.17 USD

2022-03-03 * "Rose Flower" "Eating out with Joe"
  Liabilities:US:Chase:Slate                       -19.57 USD
  Expenses:Food:Restaurant                          19.57 USD

2022-03-05 * "Cafe Modagor" "Eating out alone"
  Liabilities:US:Chase:Slate                       -31.86 USD
  Expenses:Food:Restaurant                          31.86 USD

2022-03-06 * "Onion Market" "Buying groceries"
  Liabilities:US:Chase:Slate                       -77.80 USD
  Expenses:Food:Groceries                           77.80 USD

2022-03-06 * "Metro Transport Authority" "Tram tickets"
  Liabilities:US:Chase:Slate                      -120.00 USD
  Expenses:Transport:Tram                          120.00 USD

2022-03-07 * "Chichipotle" "Eating out after work"
  Liabilities:US:Chase:Slate                       -20.10 USD
  Expenses:Food:Restaurant                          20.10 USD

2022-03-08 * "Chase:Slate" "Paying off credit card"
  Liabilities:US:Chase:Slate                       665.16 USD
  Assets:US:BofA:Checking                         -665.16 USD

2022-03-09 * "Goba Goba" "Eating out with Joe"
  Liabilities:US:Chase:Slate                       -16.66 USD
  Expenses:Food:Restaurant                          16.66 USD

2022-03-12 * "Goba Goba" "Eating out after work"
  Liabilities:US:Chase:Slate                       -39.66 USD
  Expenses:Food:Restaurant                          39.66 USD

2022-03-12 * "Farmer Fresh" "Buying groceries"
  Liabilities:US:Chase:Slate                       -75.20 USD
  Expenses:Food:Groceries                           75.20 USD

2022-03-14 * "Jewel of Morroco" "Eating out with Natasha"
  Liabilities:US:Chase:Slate                       -10.93 USD
  Expenses:Food:Restaurant                          10.93 USD

2022-03-16 balance Liabilities:US:Chase:Slate     -125.79 USD

2022-03-16 * "Kin Soy" "Eating out with Julie"
  Liabilities:US:Chase:Slate                       -13.31 USD
  Expenses:Food:Restaurant                          13.31 USD

2022-03-18 * "Jewel of Morroco" "Eating out with Julie"
  Liabilities:US:Chase:Slate                       -26.92 USD
  Expenses:Food:Restaurant                          26.92 USD

2022-03-22 * "Jewel of Morroco" "Eating out with Natasha"
  Liabilities:US:Chase:Slate                       -24.06 USD
  Expenses:Food:Restaurant                          24.06 USD

2022-03-26 * "Jewel of Morroco" "Eating out with Bill"
  Liabilities:US:Chase:Slate                       -31.67 USD
  Expenses:Food:Restaurant                          31.67 USD

2022-03-27 * "Chichipotle" "Eating out with Natasha"
  Liabilities:US:Chase:Slate                       -25.55 USD
  Expenses:Food:Restaurant                          25.55 USD

2022-03-31 * "Corner Deli" "Buying groceries"
  Liabilities:US:Chase:Slate                      -119.58 USD
  Expenses:Food:Groceries                          119.58 USD

2022-04-01 * "Rose Flower" "Eating out with Bill"
  Liabilities:US:Chase:Slate                       -22.87 USD
  Expenses:Food:Restaurant                          22.87 USD

2022-04-05 * "Rose Flower" "Eating out "
  Liabilities:US:Chase:Slate                       -34.30 USD
  Expenses:Food:Restaurant                          34.30 USD

2022-04-05 * "Metro Transport Authority" "Tram tickets"
  Liabilities:US:Chase:Slate                      -120.00 USD
  Expenses:Transport:Tram                          120.00 USD

2022-04-08 * "Uncle Boons" "Eating out "
  Liabilities:US:Chase:Slate                       -32.86 USD
  Expenses:Food:Restaurant                          32.86 USD

2022-04-09 * "Jewel of Morroco" "Eating out with Julie"
  Liabilities:US:Chase:Slate                       -17.43 USD
  Expenses:Food:Restaurant                          17.43 USD

2022-04-09 * "Chase:Slate" "Paying off credit card"
  Liabilities:US:Chase:Slate                       594.34 USD
  Assets:US:BofA:Checking                         -594.34 USD

2022-04-11 * "Cafe Modagor" "Eating out with Natasha"
  Liabilities:US:Chase:Slate                       -39.05 USD
  Expenses:Food:Restaurant                          39.05 USD

2022-04-12 balance Liabilities:US:Chase:Slate      -39.05 USD

2022-04-15 * "Rose Flower" "Eating out with work buddies"
  Liabilities:US:Chase:Slate                       -28.12 USD
  Expenses:Food:Restaurant                          28.12 USD

2022-04-18 * "Uncle Boons" "Eating out with Natasha"
  Liabilities:US:Chase:Slate                       -36.35 USD
  Expenses:Food:Restaurant                          36.35 USD

2022-04-20 * "Onion Market" "Buying groceries"
  Liabilities:US:Chase:Slate                       -79.54 USD
  Expenses:Food:Groceries                           79.54 USD

2022-04-23 * "Jewel of Morroco" "Eating out with Natasha"
  Liabilities:US:Chase:Slate                       -17.94 USD
  Expenses:Food:Restaurant                          17.94 USD

2022-04-26 * "Goba Goba" "Eating out with Julie"
  Liabilities:US:Chase:Slate                       -35.66 USD
  Expenses:Food:Restaurant                          35.66 USD

2022-04-29 * "Kin Soy" "Eating out with Bill"
  Liabilities:US:Chase:Slate                       -45.12 USD
  Expenses:Food:Restaurant                          45.12 USD

2022-04-30 * "Onion Market" "Buying groceries"
  Liabilities:US:Chase:Slate                       -71.33 USD
  Expenses:Food:Groceries                           71.33 USD

2022-05-01 * "Jewel of Morroco" "Eating out with Bill"
  Liabilities:US:Chase:Slate                       -59.01 USD
  Expenses:Food:Restaurant                          59.01 USD

2022-05-02 * "Kin Soy" "Eating out with Natasha"
  Liabilities:US:Chase:Slate                       -27.71 USD
  Expenses:Food:Restaurant                          27.71 USD

2022-05-02 * "Metro Transport Authority" "Tram tickets"
  Liabilities:US:Chase:Slate                      -120.00 USD
  Expenses:Transport:Tram                          120.00 USD

2022-05-05 * "Uncle Boons" "Eating out "
  Liabilities:US:Chase:Slate                       -22.83 USD
  Expenses:Food:Restaurant                          22.83 USD

2022-05-07 * "Uncle Boons" "Eating out with work buddies"
  Liabilities:US:Chase:Slate                       -41.41 USD
  Expenses:Food:Restaurant                          41.41 USD

2022-05-10 balance Liabilities:US:Chase:Slate     -624.07 USD

2022-05-11 * "Chase:Slate" "Paying off credit card"
  Liabilities:US:Chase:Slate                       636.34 USD
  Assets:US:BofA:Checking                         -636.34 USD

2022-05-12 * "Rose Flower" "Eating out with Bill"
  Liabilities:US:Chase:Slate                       -12.27 USD
  Expenses:Food:Restaurant                          12.27 USD

2022-05-12 * "Onion Market" "Buying groceries"
  Liabilities:US:Chase:Slate                      -118.93 USD
  Expenses:Food:Groceries                          118.93 USD

2022-05-17 * "China Garden" "Eating out after work"
  Liabilities:US:Chase:Slate                       -64.27 USD
  Expenses:Food:Restaurant                          64.27 USD

2022-05-21 * "Rose Flower" "Eating out alone"
  Liabilities:US:Chase:Slate                       -45.89 USD
  Expenses:Food:Restaurant                          45.89 USD

2022-05-24 * "Kin Soy" "Eating out with work buddies"
  Liabilities:US:Chase:Slate                       -45.48 USD
  Expenses:Food:Restaurant                          45.48 USD

2022-05-27 * "Kin Soy" "Eating out with Julie"
  Liabilities:US:Chase:Slate                       -32.44 USD
  Expenses:Food:Restaurant                          32.44 USD

2022-05-28 * "Jewel of Morroco" "Eating out after work"
  Liabilities:US:Chase:Slate                       -10.86 USD
  Expenses:Food:Restaurant                          10.86 USD

2022-05-30 * "China Garden" "Eating out with work buddies"
  Liabilities:US:Chase:Slate                       -33.08 USD
  Expenses:Food:Restaurant                          33.08 USD

2022-05-30 * "Good Moods Market" "Buying groceries"
  Liabilities:US:Chase:Slate                       -52.82 USD
  Expenses:Food:Groceries                           52.82 USD

2022-06-02 balance Liabilities:US:Chase:Slate     -403.77 USD

2022-06-02 * "Rose Flower" "Eating out alone"
  Liabilities:US:Chase:Slate                       -28.21 USD
  Expenses:Food:Restaurant                          28.21 USD

2022-06-02 * "Metro Transport Authority" "Tram tickets"
  Liabilities:US:Chase:Slate                      -120.00 USD
  Expenses:Transport:Tram                          120.00 USD

2022-06-05 * "Kin Soy" "Eating out with Julie"
  Liabilities:US:Chase:Slate                       -39.34 USD
  Expenses:Food:Restaurant                          39.34 USD

2022-06-06 * "Goba Goba" "Eating out "
  Liabilities:US:Chase:Slate                       -32.40 USD
  Expenses:Food:Restaurant                          32.40 USD

2022-06-09 * "Uncle Boons" "Eating out with Joe"
  Liabilities:US:Chase:Slate                       -37.40 USD
  Expenses:Food:Restaurant                          37.40 USD

2022-06-09 * "Chase:Slate" "Paying off credit card"
  Liabilities:US:Chase:Slate                       661.12 USD
  Assets:US:BofA:Checking                         -661.12 USD

2022-06-12 * "China Garden" "Eating out with Julie"
  Liabilities:US:Chase:Slate                       -45.29 USD
  Expenses:Food:Restaurant                          45.29 USD

2022-06-17 * "Jewel of Morroco" "Eating out with Joe"
  Liabilities:US:Chase:Slate                       -19.53 USD
  Expenses:Food:Restaurant                          19.53 USD

2022-06-18 * "Kin Soy" "Eating out alone"
  Liabilities:US:Chase:Slate                       -20.86 USD
  Expenses:Food:Restaurant                          20.86 USD

2022-06-19 * "Chichipotle" "Eating out with work buddies"
  Liabilities:US:Chase:Slate                       -16.34 USD
  Expenses:Food:Restaurant                          16.34 USD

2022-06-19 * "Farmer Fresh" "Buying groceries"
  Liabilities:US:Chase:Slate                      -111.10 USD
  Expenses:Food:Groceries                          111.10 USD

2022-06-23 * "Goba Goba" "Eating out with Julie"
  Liabilities:US:Chase:Slate                       -36.77 USD
  Expenses:Food:Restaurant                          36.77 USD

2022-06-26 * "Chichipotle" "Eating out with Joe"
  Liabilities:US:Chase:Slate                       -26.99 USD
  Expenses:Food:Restaurant                          26.99 USD

2022-06-27 event "location" "Chicago"

2022-06-28 * "Argo Tea" "" #trip-chicago-2022
  Liabilities:US:Chase:Slate                        -6.76 USD
  Expenses:Food:Coffee                               6.76 USD

2022-06-29 * "Star of Siam" "" #trip-chicago-2022
  Liabilities:US:Chase:Slate                       -28.98 USD
  Expenses:Food:Restaurant                          28.98 USD

2022-06-29 * "Argo Tea" "" #trip-chicago-2022
  Liabilities:US:Chase:Slate                        -6.03 USD
  Expenses:Food:Coffee                               6.03 USD

2022-06-30 * "Mercadito" "" #trip-chicago-2022
  Liabilities:US:Chase:Slate                       -38.43 USD
  Expenses:Food:Restaurant                          38.43 USD

2022-06-30 * "25 Degrees Burger Bar" "" #trip-chicago-2022
  Liabilities:US:Chase:Slate                       -25.57 USD
  Expenses:Food:Restaurant                          25.57 USD

2022-06-30 * "Eataly Chicago" "" #trip-chicago-2022
  Liabilities:US:Chase:Slate                       -28.75 USD
  Expenses:Food:Restaurant                          28.75 USD

2022-07-01 * "Star of Siam" "" #trip-chicago-2022
  Liabilities:US:Chase:Slate                       -19.80 USD
  Expenses:Food:Restaurant                          19.80 USD

2022-07-02 balance Liabilities:US:Chase:Slate     -431.20 USD

2022-07-02 * "Star of Siam" "" #trip-chicago-2022
  Liabilities:US:Chase:Slate                       -18.37 USD
  Expenses:Food:Restaurant                          18.37 USD

2022-07-02 * "Eataly Chicago" "" #trip-chicago-2022
  Liabilities:US:Chase:Slate                       -68.42 USD
  Expenses:Food:Restaurant                          68.42 USD

2022-07-03 * "Star of Siam" "" #trip-chicago-2022
  Liabilities:US:Chase:Slate                       -24.87 USD
  Expenses:Food:Restaurant                          24.87 USD

2022-07-03 * "Mercadito" "" #trip-chicago-2022
  Liabilities:US:Chase:Slate                       -39.46 USD
  Expenses:Food:Restaurant                          39.46 USD

2022-07-03 * "Another Sports Pub" "" #trip-chicago-2022
  Liabilities:US:Chase:Slate                       -13.60 USD
  Expenses:Food:Alcohol                             13.60 USD

2022-07-03 * "Argo Tea" "" #trip-chicago-2022
  Liabilities:US:Chase:Slate                        -6.21 USD
  Expenses:Food:Coffee                               6.21 USD

2022-07-04 * "Star of Siam" "" #trip-chicago-2022
  Liabilities:US:Chase:Slate                       -22.95 USD
  Expenses:Food:Restaurant                          22.95 USD

2022-07-04 * "Argo Tea" "" #trip-chicago-2022
  Liabilities:US:Chase:Slate                        -7.07 USD
  Expenses:Food:Coffee                               7.07 USD

2022-07-05 * "Mercadito" "" #trip-chicago-2022
  Liabilities:US:Chase:Slate                       -40.06 USD
  Expenses:Food:Restaurant                          40.06 USD

2022-07-05 * "25 Degrees Burger Bar" "" #trip-chicago-2022
  Liabilities:US:Chase:Slate                       -21.41 USD
  Expenses:Food:Restaurant                          21.41 USD

2022-07-05 * "Another Sports Pub" "" #trip-chicago-2022
  Liabilities:US:Chase:Slate                        -7.59 USD
  Expenses:Food:Alcohol                              7.59 USD

2022-07-06 * "Star of Siam" "" #trip-chicago-2022
  Liabilities:US:Chase:Slate                       -26.75 USD
  Expenses:Food:Restaurant                          26.75 USD

2022-07-06 * "25 Degrees Burger Bar" "" #trip-chicago-2022
  Liabilities:US:Chase:Slate                       -25.57 USD
  Expenses:Food:Restaurant                          25.57 USD

2022-07-07 * "Another Sports Pub" "" #trip-chicago-2022
  Liabilities:US:Chase:Slate                       -10.50 USD
  Expenses:Food:Alcohol                             10.50 USD

2022-07-08 * "Mercadito" "" #trip-chicago-2022
  Liabilities:US:Chase:Slate                       -42.48 USD
  Expenses:Food:Restaurant                          42.48 USD

2022-07-08 * "Eataly Chicago" "" #trip-chicago-2022
  Liabilities:US:Chase:Slate                       -40.18 USD
  Expenses:Food:Restaurant                          40.18 USD

2022-07-08 * "Another Sports Pub" "" #trip-chicago-2022
  Liabilities:US:Chase:Slate                       -10.32 USD
  Expenses:Food:Alcohol                             10.32 USD

2022-07-09 * "Mercadito" "" #trip-chicago-2022
  Liabilities:US:Chase:Slate                       -42.54 USD
  Expenses:Food:Restaurant                          42.54 USD

2022-07-10 * "Mercadito" "" #trip-chicago-2022
  Liabilities:US:Chase:Slate                       -34.11 USD
  Expenses:Food:Restaurant                          34.11 USD

2022-07-11 * "Eataly Chicago" "" #trip-chicago-2022
  Liabilities:US:Chase:Slate                       -34.52 USD
  Expenses:Food:Restaurant                          34.52 USD

2022-07-11 * "Chase:Slate" "Paying off credit card"
  Liabilities:US:Chase:Slate                       318.17 USD
  Assets:US:BofA:Checking                         -318.17 USD

2022-07-12 * "Argo Tea" "" #trip-chicago-2022
  Liabilities:US:Chase:Slate                        -5.69 USD
  Expenses:Food:Coffee                               5.69 USD

2022-07-13 * "Star of Siam" "" #trip-chicago-2022
  Liabilities:US:Chase:Slate                       -28.83 USD
  Expenses:Food:Restaurant                          28.83 USD

2022-07-14 * "25 Degrees Burger Bar" "" #trip-chicago-2022
  Liabilities:US:Chase:Slate                       -23.34 USD
  Expenses:Food:Restaurant                          23.34 USD

2022-07-14 * "Consume vacation days"
  Assets:US:Babble:Vacation                          -136 VACHR
  Expenses:Vacation                                   136 VACHR

2022-07-14 event "location" "New Metropolis"

2022-07-16 * "Cafe Modagor" "Eating out with Bill"
  Liabilities:US:Chase:Slate                       -41.29 USD
  Expenses:Food:Restaurant                          41.29 USD

2022-07-18 * "Corner Deli" "Buying groceries"
  Liabilities:US:Chase:Slate                      -134.38 USD
  Expenses:Food:Groceries                          134.38 USD

2022-07-19 * "Cafe Modagor" "Eating out with work buddies"
  Liabilities:US:Chase:Slate                       -30.17 USD
  Expenses:Food:Restaurant                          30.17 USD

2022-07-23 * "Goba Goba" "Eating out "
  Liabilities:US:Chase:Slate                       -31.43 USD
  Expenses:Food:Restaurant                          31.43 USD

2022-07-25 * "China Garden" "Eating out with Julie"
  Liabilities:US:Chase:Slate                       -12.44 USD
  Expenses:Food:Restaurant                          12.44 USD

2022-07-27 balance Liabilities:US:Chase:Slate     -957.58 USD

2022-07-27 * "China Garden" "Eating out after work"
  Liabilities:US:Chase:Slate                       -18.36 USD
  Expenses:Food:Restaurant                          18.36 USD

2022-07-27 * "Farmer Fresh" "Buying groceries"
  Liabilities:US:Chase:Slate                      -162.50 USD
  Expenses:Food:Groceries                          162.50 USD

2022-07-28 * "Metro Transport Authority" "Tram tickets"
  Liabilities:US:Chase:Slate                      -120.00 USD
  Expenses:Transport:Tram                          120.00 USD

2022-07-29 * "China Garden" "Eating out with Natasha"
  Liabilities:US:Chase:Slate                       -25.89 USD
  Expenses:Food:Restaurant                          25.89 USD

2022-08-02 * "Cafe Modagor" "Eating out with work buddies"
  Liabilities:US:Chase:Slate                       -34.70 USD
  Expenses:Food:Restaurant                          34.70 USD

2022-08-06 * "Chichipotle" "Eating out after work"
  Liabilities:US:Chase:Slate                       -25.44 USD
  Expenses:Food:Restaurant                          25.44 USD

2022-08-09 * "Kin Soy" "Eating out after work"
  Liabilities:US:Chase:Slate                       -55.46 USD
  Expenses:Food:Restaurant                          55.46 USD

2022-08-09 * "Chase:Slate" "Paying off credit card"
  Liabilities:US:Chase:Slate                       650.77 USD
  Assets:US:BofA:Checking                         -650.77 USD

2022-08-13 * "Jewel of Morroco" "Eating out with Natasha"
  Liabilities:US:Chase:Slate                       -31.10 USD
  Expenses:Food:Restaurant                          31.10 USD

2022-08-14 * "Kin Soy" "Eating out with work buddies"
  Liabilities:US:Chase:Slate                       -28.79 USD
  Expenses:Food:Restaurant                          28.79 USD

2022-08-15 * "Cafe Modagor" "Eating out alone"
  Liabilities:US:Chase:Slate                       -18.97 USD
  Expenses:Food:Restaurant                          18.97 USD

2022-08-16 * "Good Moods Market" "Buying groceries"
  Liabilities:US:Chase:Slate                       -87.31 USD
  Expenses:Food:Groceries                           87.31 USD

2022-08-19 * "Goba Goba" "Eating out with Bill"
  Liabilities:US:Chase:Slate                       -60.23 USD
  Expenses:Food:Restaurant                          60.23 USD

2022-08-20 balance Liabilities:US:Chase:Slate     -975.56 USD

2022-08-20 * "Cafe Modagor" "Eating out with work buddies"
  Liabilities:US:Chase:Slate                       -58.14 USD
  Expenses:Food:Restaurant                          58.14 USD

2022-08-23 * "Uncle Boons" "Eating out with work buddies"
  Liabilities:US:Chase:Slate                       -41.06 USD
  Expenses:Food:Restaurant                          41.06 USD

2022-08-24 * "Metro Transport Authority" "Tram tickets"
  Liabilities:US:Chase:Slate                      -120.00 USD
  Expenses:Transport:Tram                          120.00 USD

2022-08-26 * "Jewel of Morroco" "Eating out with Bill"
  Liabilities:US:Chase:Slate                       -57.25 USD
  Expenses:Food:Restaurant                          57.25 USD

2022-08-31 * "Uncle Boons" "Eating out with Joe"
  Liabilities:US:Chase:Slate                       -33.48 USD
  Expenses:Food:Restaurant                          33.48 USD

2022-09-01 * "Farmer Fresh" "Buying groceries"
  Liabilities:US:Chase:Slate                       -75.68 USD
  Expenses:Food:Groceries                           75.68 USD

2022-09-05 * "Uncle Boons" "Eating out with Natasha"
  Liabilities:US:Chase:Slate                       -22.96 USD
  Expenses:Food:Restaurant                          22.96 USD

2022-09-06 * "Cafe Modagor" "Eating out "
  Liabilities:US:Chase:Slate                       -24.15 USD
  Expenses:Food:Restaurant                          24.15 USD

2022-09-08 * "Uncle Boons" "Eating out with Julie"
  Liabilities:US:Chase:Slate                       -14.71 USD
  Expenses:Food:Restaurant                          14.71 USD

2022-09-10 * "Chase:Slate" "Paying off credit card"
  Liabilities:US:Chase:Slate                       702.60 USD
  Assets:US:BofA:Checking                         -702.60 USD

2022-09-11 * "Chichipotle" "Eating out with Julie"
  Liabilities:US:Chase:Slate                       -28.77 USD
  Expenses:Food:Restaurant                          28.77 USD

2022-09-11 * "Corner Deli" "Buying groceries"
  Liabilities:US:Chase:Slate                       -84.01 USD
  Expenses:Food:Groceries                           84.01 USD

2022-09-13 balance Liabilities:US:Chase:Slate     -833.17 USD

2022-09-13 * "Rose Flower" "Eating out with Joe"
  Liabilities:US:Chase:Slate                       -36.78 USD
  Expenses:Food:Restaurant                          36.78 USD

2022-09-14 * "Chichipotle" "Eating out with Natasha"
  Liabilities:US:Chase:Slate                       -42.55 USD
  Expenses:Food:Restaurant                          42.55 USD

2022-09-15 * "Goba Goba" "Eating out alone"
  Liabilities:US:Chase:Slate                       -20.33 USD
  Expenses:Food:Restaurant                          20.33 USD

2022-09-18 * "China Garden" "Eating out alone"
  Liabilities:US:Chase:Slate                       -26.66 USD
  Expenses:Food:Restaurant                          26.66 USD

2022-09-19 * "Goba Goba" "Eating out "
  Liabilities:US:Chase:Slate                       -33.68 USD
  Expenses:Food:Restaurant                          33.68 USD

2022-09-20 * "China Garden" "Eating out with Bill"
  Liabilities:US:Chase:Slate                       -38.10 USD
  Expenses:Food:Restaurant                          38.10 USD

2022-09-23 * "China Garden" "Eating out alone"
  Liabilities:US:Chase:Slate                       -24.80 USD
  Expenses:Food:Restaurant                          24.80 USD

2022-09-23 * "Metro Transport Authority" "Tram tickets"
  Liabilities:US:Chase:Slate                      -120.00 USD
  Expenses:Transport:Tram                          120.00 USD

2022-09-26 * "Chichipotle" "Eating out alone"
  Liabilities:US:Chase:Slate                       -37.74 USD
  Expenses:Food:Restaurant                          37.74 USD

2022-09-28 * "Kin Soy" "Eating out after work"
  Liabilities:US:Chase:Slate                       -43.21 USD
  Expenses:Food:Restaurant                          43.21 USD

2022-09-29 * "Goba Goba" "Eating out with Joe"
  Liabilities:US:Chase:Slate                       -36.81 USD
  Expenses:Food:Restaurant                          36.81 USD

2022-09-29 * "Onion Market" "Buying groceries"
  Liabilities:US:Chase:Slate                       -67.54 USD
  Expenses:Food:Groceries                           67.54 USD

2022-09-30 * "Uncle Boons" "Eating out "
  Liabilities:US:Chase:Slate                       -40.63 USD
  Expenses:Food:Restaurant                          40.63 USD

2022-10-02 * "Goba Goba" "Eating out alone"
  Liabilities:US:Chase:Slate                       -18.89 USD
  Expenses:Food:Restaurant                          18.89 USD

2022-10-03 balance Liabilities:US:Chase:Slate    -1420.89 USD

2022-10-03 * "Jewel of Morroco" "Eating out with Bill"
  Liabilities:US:Chase:Slate                       -28.53 USD
  Expenses:Food:Restaurant                          28.53 USD

2022-10-06 * "Goba Goba" "Eating out with work buddies"
  Liabilities:US:Chase:Slate                       -26.28 USD
  Expenses:Food:Restaurant                          26.28 USD

2022-10-08 * "Kin Soy" "Eating out with Joe"
  Liabilities:US:Chase:Slate                       -46.19 USD
  Expenses:Food:Restaurant                          46.19 USD

2022-10-09 * "Chase:Slate" "Paying off credit card"
  Liabilities:US:Chase:Slate                       793.09 USD
  Assets:US:BofA:Checking                         -793.09 USD

2022-10-11 * "Uncle Boons" "Eating out with Joe"
  Liabilities:US:Chase:Slate                       -20.36 USD
  Expenses:Food:Restaurant                          20.36 USD

2022-10-16 * "Rose Flower" "Eating out with Bill"
  Liabilities:US:Chase:Slate                       -27.49 USD
  Expenses:Food:Restaurant                          27.49 USD

2022-10-16 * "Good Moods Market" "Buying groceries"
  Liabilities:US:Chase:Slate                       -93.84 USD
  Expenses:Food:Groceries                           93.84 USD

2022-10-20 * "Metro Transport Authority" "Tram tickets"
  Liabilities:US:Chase:Slate                      -120.00 USD
  Expenses:Transport:Tram                          120.00 USD

2022-10-21 * "Goba Goba" "Eating out alone"
  Liabilities:US:Chase:Slate                       -17.30 USD
  Expenses:Food:Restaurant                          17.30 USD

2022-10-23 balance Liabilities:US:Chase:Slate    -1007.79 USD

2022-10-24 * "Cafe Modagor" "Eating out with work buddies"
  Liabilities:US:Chase:Slate                       -36.29 USD
  Expenses:Food:Restaurant                          36.29 USD

2022-10-25 * "China Garden" "Eating out "
  Liabilities:US:Chase:Slate                       -58.93 USD
  Expenses:Food:Restaurant                          58.93 USD

2022-10-28 * "Chichipotle" "Eating out with Julie"
  Liabilities:US:Chase:Slate                       -72.29 USD
  Expenses:Food:Restaurant                          72.29 USD

2022-10-28 * "Corner Deli" "Buying groceries"
  Liabilities:US:Chase:Slate                       -59.10 USD
  Expenses:Food:Groceries                           59.10 USD

2022-11-02 * "Uncle Boons" "Eating out with Bill"
  Liabilities:US:Chase:Slate                       -42.42 USD
  Expenses:Food:Restaurant                          42.42 USD

2022-11-03 * "China Garden" "Eating out with Natasha"
  Liabilities:US:Chase:Slate                       -39.58 USD
  Expenses:Food:Restaurant                          39.58 USD

2022-11-04 * "Jewel of Morroco" "Eating out with Joe"
  Liabilities:US:Chase:Slate                       -17.90 USD
  Expenses:Food:Restaurant                          17.90 USD

2022-11-07 * "Farmer Fresh" "Buying groceries"
  Liabilities:US:Chase:Slate                       -64.82 USD
  Expenses:Food:Groceries                           64.82 USD

2022-11-09 * "Cafe Modagor" "Eating out "
  Liabilities:US:Chase:Slate                       -50.39 USD
  Expenses:Food:Restaurant                          50.39 USD

2022-11-10 * "Chase:Slate" "Paying off credit card"
  Liabilities:US:Chase:Slate                       727.10 USD
  Assets:US:BofA:Checking                         -727.10 USD

2022-11-12 * "Uncle Boons" "Eating out with Julie"
  Liabilities:US:Chase:Slate                       -26.75 USD
  Expenses:Food:Restaurant                          26.75 USD

2022-11-15 * "China Garden" "Eating out with Natasha"
  Liabilities:US:Chase:Slate                       -59.78 USD
  Expenses:Food:Restaurant                          59.78 USD

2022-11-17 event "location" "Boston"

2022-11-18 balance Liabilities:US:Chase:Slate     -808.94 USD

2022-11-19 * "Giacomo's Restaurant" "" #trip-boston-2022
  Liabilities:US:Chase:Slate                       -33.76 USD
  Expenses:Food:Restaurant                          33.76 USD

2022-11-19 * "Starbucks" "" #trip-boston-2022
  Liabilities:US:Chase:Slate                        -6.55 USD
  Expenses:Food:Coffee                               6.55 USD

2022-11-21 * "Giacomo's Restaurant" "" #trip-boston-2022
  Liabilities:US:Chase:Slate                       -44.71 USD
  Expenses:Food:Restaurant                          44.71 USD

2022-11-21 * "Legal Seafood" "" #trip-boston-2022
  Liabilities:US:Chase:Slate                       -32.58 USD
  Expenses:Food:Restaurant                          32.58 USD

2022-11-22 * "Legal Seafood" "" #trip-boston-2022
  Liabilities:US:Chase:Slate                       -40.45 USD
  Expenses:Food:Restaurant                          40.45 USD

2022-11-22 * "Starbucks" "" #trip-boston-2022
  Liabilities:US:Chase:Slate                        -5.83 USD
  Expenses:Food:Coffee                               5.83 USD

2022-11-23 * "Franklin Cafe" "" #trip-boston-2022
  Liabilities:US:Chase:Slate                       -36.28 USD
  Expenses:Food:Restaurant                          36.28 USD

2022-11-24 * "Giacomo's Restaurant" "" #trip-boston-2022
  Liabilities:US:Chase:Slate                       -43.82 USD
  Expenses:Food:Restaurant                          43.82 USD

2022-11-26 * "Giacomo's Restaurant" "" #trip-boston-2022
  Liabilities:US:Chase:Slate                       -41.51 USD
  Expenses:Food:Restaurant                          41.51 USD

2022-11-28 * "Legal Seafood" "" #trip-boston-2022
  Liabilities:US:Chase:Slate                       -30.28 USD
  Expenses:Food:Restaurant                          30.28 USD

2022-11-28 * "Franklin Cafe" "" #trip-boston-2022
  Liabilities:US:Chase:Slate                       -23.26 USD
  Expenses:Food:Restaurant                          23.26 USD

2022-11-30 * "Legal Seafood" "" #trip-boston-2022
  Liabilities:US:Chase:Slate                       -34.55 USD
  Expenses:Food:Restaurant                          34.55 USD

2022-11-30 * "Starbucks" "" #trip-boston-2022
  Liabilities:US:Chase:Slate                        -5.95 USD
  Expenses:Food:Coffee                               5.95 USD

2022-12-01 * "Giacomo's Restaurant" "" #trip-boston-2022
  Liabilities:US:Chase:Slate                       -42.50 USD
  Expenses:Food:Restaurant                          42.50 USD

2022-12-03 * "Giacomo's Restaurant" "" #trip-boston-2022
  Liabilities:US:Chase:Slate                       -39.63 USD
  Expenses:Food:Restaurant                          39.63 USD

2022-12-03 * "Franklin Cafe" "" #trip-boston-2022
  Liabilities:US:Chase:Slate                       -29.07 USD
  Expenses:Food:Restaurant                          29.07 USD

2022-12-03 * "Starbucks" "" #trip-boston-2022
  Liabilities:US:Chase:Slate                        -6.12 USD
  Expenses:Food:Coffee                               6.12 USD

2022-12-05 * "Giacomo's Restaurant" "" #trip-boston-2022
  Liabilities:US:Chase:Slate                       -40.79 USD
  Expenses:Food:Restaurant                          40.79 USD

2022-12-05 * "Starbucks" "" #trip-boston-2022
  Liabilities:US:Chase:Slate                        -6.50 USD
  Expenses:Food:Coffee                               6.50 USD

2022-12-06 * "Starbucks" "" #trip-boston-2022
  Liabilities:US:Chase:Slate                        -6.60 USD
  Expenses:Food:Coffee                               6.60 USD

2022-12-07 * "Giacomo's Restaurant" "" #trip-boston-2022
  Liabilities:US:Chase:Slate                       -43.23 USD
  Expenses:Food:Restaurant                          43.23 USD

2022-12-07 * "Starbucks" "" #trip-boston-2022
  Liabilities:US:Chase:Slate                        -6.27 USD
  Expenses:Food:Coffee                               6.27 USD

2022-12-08 * "Legal Seafood" "" #trip-boston-2022
  Liabilities:US:Chase:Slate                       -33.29 USD
  Expenses:Food:Restaurant                          33.29 USD

2022-12-09 * "Cafe Modagor" "Eating out after work"
  Liabilities:US:Chase:Slate                       -36.84 USD
  Expenses:Food:Restaurant                          36.84 USD

2022-12-09 * "Consume vacation days"
  Assets:US:Babble:Vacation                          -176 VACHR
  Expenses:Vacation                                   176 VACHR

2022-12-09 event "location" "New Metropolis"

2022-12-10 balance Liabilities:US:Chase:Slate    -1479.31 USD

2022-12-10 * "Chase:Slate" "Paying off credit card"
  Liabilities:US:Chase:Slate                       208.52 USD
  Assets:US:BofA:Checking                         -208.52 USD

2022-12-11 * "Farmer Fresh" "Buying groceries"
  Liabilities:US:Chase:Slate                      -111.90 USD
  Expenses:Food:Groceries                          111.90 USD

2022-12-12 * "Kin Soy" "Eating out with work buddies"
  Liabilities:US:Chase:Slate                       -25.79 USD
  Expenses:Food:Restaurant                          25.79 USD

2022-12-17 * "China Garden" "Eating out alone"
  Liabilities:US:Chase:Slate                       -25.97 USD
  Expenses:Food:Restaurant                          25.97 USD

2022-12-19 * "Rose Flower" "Eating out with Joe"
  Liabilities:US:Chase:Slate                       -47.43 USD
  Expenses:Food:Restaurant                          47.43 USD

2022-12-20 * "China Garden" "Eating out with work buddies"
  Liabilities:US:Chase:Slate                       -41.99 USD
  Expenses:Food:Restaurant                          41.99 USD

2022-12-22 * "Jewel of Morroco" "Eating out with Joe"
  Liabilities:US:Chase:Slate                       -22.04 USD
  Expenses:Food:Restaurant                          22.04 USD

2022-12-22 * "Onion Market" "Buying groceries"
  Liabilities:US:Chase:Slate                       -97.22 USD
  Expenses:Food:Groceries                           97.22 USD

2022-12-23 * "Metro Transport Authority" "Tram tickets"
  Liabilities:US:Chase:Slate                      -120.00 USD
  Expenses:Transport:Tram                          120.00 USD

2022-12-27 * "Rose Flower" "Eating out alone"
  Liabilities:US:Chase:Slate                       -46.30 USD
  Expenses:Food:Restaurant                          46.30 USD

2022-12-29 * "Cafe Modagor" "Eating out after work"
  Liabilities:US:Chase:Slate                       -27.07 USD
  Expenses:Food:Restaurant                          27.07 USD

2022-12-30 balance Liabilities:US:Chase:Slate    -1836.50 USD

2023-01-01 * "Kin Soy" "Eating out with Julie"
  Liabilities:US:Chase:Slate                       -30.34 USD
  Expenses:Food:Restaurant                          30.34 USD

2023-01-05 * "Rose Flower" "Eating out with work buddies"
  Liabilities:US:Chase:Slate                       -17.88 USD
  Expenses:Food:Restaurant                          17.88 USD

2023-01-07 * "Corner Deli" "Buying groceries"
  Liabilities:US:Chase:Slate                      -128.87 USD
  Expenses:Food:Groceries                          128.87 USD

2023-01-08 * "Rose Flower" "Eating out with Joe"
  Liabilities:US:Chase:Slate                       -31.18 USD
  Expenses:Food:Restaurant                          31.18 USD

2023-01-08 * "Chase:Slate" "Paying off credit card"
  Liabilities:US:Chase:Slate                       662.08 USD
  Assets:US:BofA:Checking                         -662.08 USD

2023-01-10 * "China Garden" "Eating out with work buddies"
  Liabilities:US:Chase:Slate                       -20.61 USD
  Expenses:Food:Restaurant                          20.61 USD

2023-01-12 * "Kin Soy" "Eating out with work buddies"
  Liabilities:US:Chase:Slate                       -24.95 USD
  Expenses:Food:Restaurant                          24.95 USD

2023-01-13 * "Corner Deli" "Buying groceries"
  Liabilities:US:Chase:Slate                       -55.90 USD
  Expenses:Food:Groceries                           55.90 USD

2023-01-15 * "China Garden" "Eating out with work buddies"
  Liabilities:US:Chase:Slate                       -25.66 USD
  Expenses:Food:Restaurant                          25.66 USD

2023-01-16 * "China Garden" "Eating out after work"
  Liabilities:US:Chase:Slate                       -44.72 USD
  Expenses:Food:Restaurant                          44.72 USD

2023-01-18 * "Uncle Boons" "Eating out after work"
  Liabilities:US:Chase:Slate                       -36.11 USD
  Expenses:Food:Restaurant                          36.11 USD

2023-01-21 * "Jewel of Morroco" "Eating out with Julie"
  Liabilities:US:Chase:Slate                       -21.01 USD
  Expenses:Food:Restaurant                          21.01 USD

2023-01-23 * "Uncle Boons" "Eating out after work"
  Liabilities:US:Chase:Slate                       -61.95 USD
  Expenses:Food:Restaurant                          61.95 USD

2023-01-24 * "Chichipotle" "Eating out with Julie"
  Liabilities:US:Chase:Slate                       -30.55 USD
  Expenses:Food:Restaurant                          30.55 USD

2023-01-24 * "Metro Transport Authority" "Tram tickets"
  Liabilities:US:Chase:Slate                      -120.00 USD
  Expenses:Transport:Tram                          120.00 USD

2023-01-25 * "Farmer Fresh" "Buying groceries"
  Liabilities:US:Chase:Slate                       -55.51 USD
  Expenses:Food:Groceries                           55.51 USD

2023-01-28 balance Liabilities:US:Chase:Slate    -1879.66 USD

2023-01-28 * "Chichipotle" "Eating out after work"
  Liabilities:US:Chase:Slate                       -62.29 USD
  Expenses:Food:Restaurant                          62.29 USD

2023-01-30 * "Onion Market" "Buying groceries"
  Liabilities:US:Chase:Slate                       -86.82 USD
  Expenses:Food:Groceries                           86.82 USD

2023-02-02 * "Kin Soy" "Eating out with Natasha"
  Liabilities:US:Chase:Slate                       -17.40 USD
  Expenses:Food:Restaurant                          17.40 USD

2023-02-03 * "Kin Soy" "Eating out with Bill"
  Liabilities:US:Chase:Slate                       -32.53 USD
  Expenses:Food:Restaurant                          32.53 USD

2023-02-08 * "Goba Goba" "Eating out with Joe"
  Liabilities:US:Chase:Slate                       -27.06 USD
  Expenses:Food:Restaurant                          27.06 USD

2023-02-09 * "Chase:Slate" "Paying off credit card"
  Liabilities:US:Chase:Slate                       764.06 USD
  Assets:US:BofA:Checking                         -764.06 USD

2023-02-13 * "Jewel of Morroco" "Eating out with Julie"
  Liabilities:US:Chase:Slate                       -40.99 USD
  Expenses:Food:Restaurant                          40.99 USD

2023-02-13 * "Good Moods Market" "Buying groceries"
  Liabilities:US:Chase:Slate                       -75.21 USD
  Expenses:Food:Groceries                           75.21 USD

2023-02-16 * "Cafe Modagor" "Eating out "
  Liabilities:US:Chase:Slate                       -20.69 USD
  Expenses:Food:Restaurant                          20.69 USD

2023-02-18 * "Kin Soy" "Eating out with Julie"
  Liabilities:US:Chase:Slate                       -28.65 USD
  Expenses:Food:Restaurant                          28.65 USD

2023-02-22 * "Corner Deli" "Buying groceries"
  Liabilities:US:Chase:Slate                       -61.28 USD
  Expenses:Food:Groceries                           61.28 USD

2023-02-23 * "Kin Soy" "Eating out with Joe"
  Liabilities:US:Chase:Slate                       -24.46 USD
  Expenses:Food:Restaurant                          24.46 USD

2023-02-25 * "Chichipotle" "Eating out alone"
  Liabilities:US:Chase:Slate                       -17.37 USD
  Expenses:Food:Restaurant                          17.37 USD

2023-02-26 balance Liabilities:US:Chase:Slate    -1610.35 USD

2023-02-26 * "Metro Transport Authority" "Tram tickets"
  Liabilities:US:Chase:Slate                      -120.00 USD
  Expenses:Transport:Tram                          120.00 USD

2023-02-28 * "China Garden" "Eating out "
  Liabilities:US:Chase:Slate                       -39.95 USD
  Expenses:Food:Restaurant                          39.95 USD

2023-03-05 * "Goba Goba" "Eating out alone"
  Liabilities:US:Chase:Slate                       -17.90 USD
  Expenses:Food:Restaurant                          17.90 USD

2023-03-07 * "Rose Flower" "Eating out with Bill"
  Liabilities:US:Chase:Slate                       -40.93 USD
  Expenses:Food:Restaurant                          40.93 USD

2023-03-07 * "Chase:Slate" "Paying off credit card"
  Liabilities:US:Chase:Slate                       446.44 USD
  Assets:US:BofA:Checking                         -446.44 USD

2023-03-08 * "Uncle Boons" "Eating out "
  Liabilities:US:Chase:Slate                       -29.27 USD
  Expenses:Food:Restaurant                          29.27 USD

2023-03-09 * "China Garden" "Eating out with Julie"
  Liabilities:US:Chase:Slate                       -19.38 USD
  Expenses:Food:Restaurant                          19.38 USD

2023-03-11 * "Jewel of Morroco" "Eating out with Julie"
  Liabilities:US:Chase:Slate                       -31.30 USD
  Expenses:Food:Restaurant                          31.30 USD

2023-03-11 * "Onion Market" "Buying groceries"
  Liabilities:US:Chase:Slate                       -89.90 USD
  Expenses:Food:Groceries                           89.90 USD

2023-03-14 * "Kin Soy" "Eating out with Joe"
  Liabilities:US:Chase:Slate                       -15.74 USD
  Expenses:Food:Restaurant                          15.74 USD

2023-03-19 balance Liabilities:US:Chase:Slate    -1568.28 USD

2023-03-19 * "China Garden" "Eating out alone"
  Liabilities:US:Chase:Slate                       -13.87 USD
  Expenses:Food:Restaurant                          13.87 USD

2023-03-20 * "Goba Goba" "Eating out with Natasha"
  Liabilities:US:Chase:Slate                       -10.51 USD
  Expenses:Food:Restaurant                          10.51 USD

2023-03-20 * "Good Moods Market" "Buying groceries"
  Liabilities:US:Chase:Slate                       -78.73 USD
  Expenses:Food:Groceries                           78.73 USD

2023-03-22 * "Cafe Modagor" "Eating out after work"
  Liabilities:US:Chase:Slate                       -24.11 USD
  Expenses:Food:Restaurant                          24.11 USD

2023-03-25 * "Uncle Boons" "Eating out with Joe"
  Liabilities:US:Chase:Slate                       -25.71 USD
  Expenses:Food:Restaurant                          25.71 USD

2023-03-26 * "Goba Goba" "Eating out with Bill"
  Liabilities:US:Chase:Slate                       -37.62 USD
  Expenses:Food:Restaurant                          37.62 USD

2023-03-30 * "Cafe Modagor" "Eating out with Bill"
  Liabilities:US:Chase:Slate                       -32.88 USD
  Expenses:Food:Restaurant                          32.88 USD

2023-03-31 * "Chichipotle" "Eating out "
  Liabilities:US:Chase:Slate                       -22.59 USD
  Expenses:Food:Restaurant                          22.59 USD

2023-03-31 * "Metro Transport Authority" "Tram tickets"
  Liabilities:US:Chase:Slate                      -120.00 USD
  Expenses:Transport:Tram                          120.00 USD

2023-04-04 * "Chichipotle" "Eating out with Joe"
  Liabilities:US:Chase:Slate                       -30.01 USD
  Expenses:Food:Restaurant                          30.01 USD

2023-04-06 * "Good Moods Market" "Buying groceries"
  Liabilities:US:Chase:Slate                       -34.80 USD
  Expenses:Food:Groceries                           34.80 USD

2023-04-07 * "Chase:Slate" "Paying off credit card"
  Liabilities:US:Chase:Slate                       637.15 USD
  Assets:US:BofA:Checking                         -637.15 USD

2023-04-09 * "Chichipotle" "Eating out with Joe"
  Liabilities:US:Chase:Slate                       -20.73 USD
  Expenses:Food:Restaurant                          20.73 USD

2023-04-11 * "Rose Flower" "Eating out with Joe"
  Liabilities:US:Chase:Slate                       -45.13 USD
  Expenses:Food:Restaurant                          45.13 USD

2023-04-16 * "China Garden" "Eating out "
  Liabilities:US:Chase:Slate                       -26.19 USD
  Expenses:Food:Restaurant                          26.19 USD

2023-04-17 * "Cafe Modagor" "Eating out after work"
  Liabilities:US:Chase:Slate                       -22.65 USD
  Expenses:Food:Restaurant                          22.65 USD

2023-04-18 balance Liabilities:US:Chase:Slate    -1476.66 USD

2023-04-21 * "Chichipotle" "Eating out with work buddies"
  Liabilities:US:Chase:Slate                       -26.41 USD
  Expenses:Food:Restaurant                          26.41 USD

2023-04-24 * "Corner Deli" "Buying groceries"
  Liabilities:US:Chase:Slate                       -48.92 USD
  Expenses:Food:Groceries                           48.92 USD

2023-04-25 * "Goba Goba" "Eating out after work"
  Liabilities:US:Chase:Slate                       -36.81 USD
  Expenses:Food:Restaurant                          36.81 USD

2023-04-27 * "Jewel of Morroco" "Eating out with Natasha"
  Liabilities:US:Chase:Slate                       -41.69 USD
  Expenses:Food:Restaurant                          41.69 USD

2023-05-01 * "Cafe Modagor" "Eating out "
  Liabilities:US:Chase:Slate                       -71.24 USD
  Expenses:Food:Restaurant                          71.24 USD

2023-05-01 * "Metro Transport Authority" "Tram tickets"
  Liabilities:US:Chase:Slate                      -120.00 USD
  Expenses:Transport:Tram                          120.00 USD

2023-05-04 * "Rose Flower" "Eating out with Julie"
  Liabilities:US:Chase:Slate                       -18.98 USD
  Expenses:Food:Restaurant                          18.98 USD

2023-05-06 * "Cafe Modagor" "Eating out alone"
  Liabilities:US:Chase:Slate                       -44.93 USD
  Expenses:Food:Restaurant                          44.93 USD

2023-05-07 * "Rose Flower" "Eating out with Bill"
  Liabilities:US:Chase:Slate                       -22.06 USD
  Expenses:Food:Restaurant                          22.06 USD

2023-05-07 * "Farmer Fresh" "Buying groceries"
  Liabilities:US:Chase:Slate                       -86.12 USD
  Expenses:Food:Groceries                           86.12 USD

2023-05-10 * "Chase:Slate" "Paying off credit card"
  Liabilities:US:Chase:Slate                       637.71 USD
  Assets:US:BofA:Checking                         -637.71 USD

2023-05-11 * "Jewel of Morroco" "Eating out after work"
  Liabilities:US:Chase:Slate                       -26.58 USD
  Expenses:Food:Restaurant                          26.58 USD

2023-05-14 * "Kin Soy" "Eating out with work buddies"
  Liabilities:US:Chase:Slate                       -18.70 USD
  Expenses:Food:Restaurant                          18.70 USD

2023-05-16 balance Liabilities:US:Chase:Slate    -1401.39 USD

2023-05-18 * "Goba Goba" "Eating out with Bill"
  Liabilities:US:Chase:Slate                       -24.70 USD
  Expenses:Food:Restaurant                          24.70 USD

2023-05-20 * "Jewel of Morroco" "Eating out "
  Liabilities:US:Chase:Slate                       -22.34 USD
  Expenses:Food:Restaurant                          22.34 USD

2023-05-21 * "Jewel of Morroco" "Eating out "
  Liabilities:US:Chase:Slate                       -67.91 USD
  Expenses:Food:Restaurant                          67.91 USD

2023-05-21 * "Farmer Fresh" "Buying groceries"
  Liabilities:US:Chase:Slate                       -61.08 USD
  Expenses:Food:Groceries                           61.08 USD

2023-05-23 * "Goba Goba" "Eating out "
  Liabilities:US:Chase:Slate                       -26.58 USD
  Expenses:Food:Restaurant                          26.58 USD

2023-05-26 * "Cafe Modagor" "Eating out with Bill"
  Liabilities:US:Chase:Slate                       -15.01 USD
  Expenses:Food:Restaurant                          15.01 USD

2023-05-28 event "location" "Boston"

2023-05-29 * "Starbucks" "" #trip-boston-2023
  Liabilities:US:Chase:Slate                        -5.27 USD
  Expenses:Food:Coffee                               5.27 USD

2023-05-31 * "Legal Seafood" "" #trip-boston-2023
  Liabilities:US:Chase:Slate                       -39.98 USD
  Expenses:Food:Restaurant                          39.98 USD

2023-06-01 * "Giacomo's Restaurant" "" #trip-boston-2023
  Liabilities:US:Chase:Slate                       -40.62 USD
  Expenses:Food:Restaurant                          40.62 USD

2023-06-02 * "Legal Seafood" "" #trip-boston-2023
  Liabilities:US:Chase:Slate                       -22.19 USD
  Expenses:Food:Restaurant                          22.19 USD

2023-06-03 * "Legal Seafood" "" #trip-boston-2023
  Liabilities:US:Chase:Slate                       -35.98 USD
  Expenses:Food:Restaurant                          35.98 USD

2023-06-03 * "Franklin Cafe" "" #trip-boston-2023
  Liabilities:US:Chase:Slate                       -24.28 USD
  Expenses:Food:Restaurant                          24.28 USD

2023-06-03 * "Starbucks" "" #trip-boston-2023
  Liabilities:US:Chase:Slate                        -5.87 USD
  Expenses:Food:Coffee                               5.87 USD

2023-06-04 * "Legal Seafood" "" #trip-boston-2023
  Liabilities:US:Chase:Slate                       -35.71 USD
  Expenses:Food:Restaurant                          35.71 USD

2023-06-04 * "Starbucks" "" #trip-boston-2023
  Liabilities:US:Chase:Slate                        -6.15 USD
  Expenses:Food:Coffee                               6.15 USD

2023-06-05 balance Liabilities:US:Chase:Slate    -1835.06 USD

2023-06-05 * "Rose Flower" "Eating out after work"
  Liabilities:US:Chase:Slate                       -13.42 USD
  Expenses:Food:Restaurant                          13.42 USD

2023-06-05 * "Giacomo's Restaurant" "" #trip-boston-2023
  Liabilities:US:Chase:Slate                       -31.36 USD
  Expenses:Food:Restaurant                          31.36 USD

2023-06-05 * "Consume vacation days"
  Assets:US:Babble:Vacation                           -64 VACHR
  Expenses:Vacation                                    64 VACHR

2023-06-05 event "location" "New Metropolis"

2023-06-07 * "Chase:Slate" "Paying off credit card"
  Liabilities:US:Chase:Slate                       284.50 USD
  Assets:US:BofA:Checking                         -284.50 USD

2023-06-09 * "Cafe Modagor" "Eating out alone"
  Liabilities:US:Chase:Slate                       -34.76 USD
  Expenses:Food:Restaurant                          34.76 USD

2023-06-11 * "Corner Deli" "Buying groceries"
  Liabilities:US:Chase:Slate                       -76.44 USD
  Expenses:Food:Groceries                           76.44 USD

2023-06-12 * "Uncle Boons" "Eating out with Joe"
  Liabilities:US:Chase:Slate                       -35.42 USD
  Expenses:Food:Restaurant                          35.42 USD

2023-06-16 * "Jewel of Morroco" "Eating out with Bill"
  Liabilities:US:Chase:Slate                       -41.18 USD
  Expenses:Food:Restaurant                          41.18 USD

2023-06-18 * "China Garden" "Eating out with Natasha"
  Liabilities:US:Chase:Slate                       -34.00 USD
  Expenses:Food:Restaurant                          34.00 USD

2023-06-21 * "Jewel of Morroco" "Eating out with Joe"
  Liabilities:US:Chase:Slate                       -45.76 USD
  Expenses:Food:Restaurant                          45.76 USD

2023-06-21 * "Corner Deli" "Buying groceries"
  Liabilities:US:Chase:Slate                       -77.83 USD
  Expenses:Food:Groceries                           77.83 USD

2023-06-25 * "Goba Goba" "Eating out alone"
  Liabilities:US:Chase:Slate                       -47.92 USD
  Expenses:Food:Restaurant                          47.92 USD

2023-06-29 * "China Garden" "Eating out after work"
  Liabilities:US:Chase:Slate                       -54.09 USD
  Expenses:Food:Restaurant                          54.09 USD

2023-06-30 * "Rose Flower" "Eating out with Julie"
  Liabilities:US:Chase:Slate                       -29.23 USD
  Expenses:Food:Restaurant                          29.23 USD

2023-07-02 * "China Garden" "Eating out alone"
  Liabilities:US:Chase:Slate                       -30.79 USD
  Expenses:Food:Restaurant                          30.79 USD

2023-07-04 balance Liabilities:US:Chase:Slate    -2102.76 USD

2023-07-06 * "China Garden" "Eating out "
  Liabilities:US:Chase:Slate                       -41.55 USD
  Expenses:Food:Restaurant                          41.55 USD

2023-07-06 * "Metro Transport Authority" "Tram tickets"
  Liabilities:US:Chase:Slate                      -120.00 USD
  Expenses:Transport:Tram                          120.00 USD

2023-07-10 * "Cafe Modagor" "Eating out with Julie"
  Liabilities:US:Chase:Slate                       -34.32 USD
  Expenses:Food:Restaurant                          34.32 USD

2023-07-11 * "Good Moods Market" "Buying groceries"
  Liabilities:US:Chase:Slate                      -101.17 USD
  Expenses:Food:Groceries                          101.17 USD

2023-07-11 * "Chase:Slate" "Paying off credit card"
  Liabilities:US:Chase:Slate                       769.70 USD
  Assets:US:BofA:Checking                         -769.70 USD

2023-07-12 * "Jewel of Morroco" "Eating out alone"
  Liabilities:US:Chase:Slate                       -46.21 USD
  Expenses:Food:Restaurant                          46.21 USD

2023-07-13 * "Goba Goba" "Eating out with Bill"
  Liabilities:US:Chase:Slate                       -27.66 USD
  Expenses:Food:Restaurant                          27.66 USD

2023-07-15 * "Chichipotle" "Eating out after work"
  Liabilities:US:Chase:Slate                        -9.67 USD
  Expenses:Food:Restaurant                           9.67 USD

2023-07-17 * "Rose Flower" "Eating out with Bill"
  Liabilities:US:Chase:Slate                       -46.72 USD
  Expenses:Food:Restaurant                          46.72 USD

2023-07-20 * "Uncle Boons" "Eating out "
  Liabilities:US:Chase:Slate                       -32.57 USD
  Expenses:Food:Restaurant                          32.57 USD

2023-07-21 * "Good Moods Market" "Buying groceries"
  Liabilities:US:Chase:Slate                       -68.41 USD
  Expenses:Food:Groceries                           68.41 USD

2023-07-25 balance Liabilities:US:Chase:Slate    -1861.34 USD

2023-07-25 * "China Garden" "Eating out with Bill"
  Liabilities:US:Chase:Slate                       -39.95 USD
  Expenses:Food:Restaurant                          39.95 USD

2023-07-27 * "Uncle Boons" "Eating out "
  Liabilities:US:Chase:Slate                       -17.84 USD
  Expenses:Food:Restaurant                          17.84 USD

2023-07-27 * "Onion Market" "Buying groceries"
  Liabilities:US:Chase:Slate                      -109.09 USD
  Expenses:Food:Groceries                          109.09 USD

2023-07-30 * "Rose Flower" "Eating out with Natasha"
  Liabilities:US:Chase:Slate                       -16.49 USD
  Expenses:Food:Restaurant                          16.49 USD

2023-08-03 * "China Garden" "Eating out with Bill"
  Liabilities:US:Chase:Slate                       -31.95 USD
  Expenses:Food:Restaurant                          31.95 USD

2023-08-03 * "Metro Transport Authority" "Tram tickets"
  Liabilities:US:Chase:Slate                      -120.00 USD
  Expenses:Transport:Tram                          120.00 USD

2023-08-04 * "Jewel of Morroco" "Eating out with work buddies"
  Liabilities:US:Chase:Slate                       -29.80 USD
  Expenses:Food:Restaurant                          29.80 USD

2023-08-06 * "Jewel of Morroco" "Eating out with Joe"
  Liabilities:US:Chase:Slate                       -26.80 USD
  Expenses:Food:Restaurant                          26.80 USD

2023-08-07 * "China Garden" "Eating out with Joe"
  Liabilities:US:Chase:Slate                       -41.34 USD
  Expenses:Food:Restaurant                          41.34 USD

2023-08-08 * "Good Moods Market" "Buying groceries"
  Liabilities:US:Chase:Slate                       -93.01 USD
  Expenses:Food:Groceries                           93.01 USD

2023-08-10 * "China Garden" "Eating out with Julie"
  Liabilities:US:Chase:Slate                       -27.65 USD
  Expenses:Food:Restaurant                          27.65 USD

2023-08-10 * "Chase:Slate" "Paying off credit card"
  Liabilities:US:Chase:Slate                       785.16 USD
  Assets:US:BofA:Checking                         -785.16 USD

2023-08-13 * "China Garden" "Eating out alone"
  Liabilities:US:Chase:Slate                       -24.26 USD
  Expenses:Food:Restaurant                          24.26 USD

2023-08-14 * "Rose Flower" "Eating out alone"
  Liabilities:US:Chase:Slate                       -20.15 USD
  Expenses:Food:Restaurant                          20.15 USD

2023-08-15 * "Rose Flower" "Eating out with Natasha"
  Liabilities:US:Chase:Slate                        -7.62 USD
  Expenses:Food:Restaurant                           7.62 USD

2023-08-18 * "Goba Goba" "Eating out "
  Liabilities:US:Chase:Slate                       -37.60 USD
  Expenses:Food:Restaurant                          37.60 USD

2023-08-20 * "Good Moods Market" "Buying groceries"
  Liabilities:US:Chase:Slate                       -47.63 USD
  Expenses:Food:Groceries                           47.63 USD

2023-08-21 balance Liabilities:US:Chase:Slate    -1767.36 USD

2023-08-22 * "Uncle Boons" "Eating out after work"
  Liabilities:US:Chase:Slate                       -16.75 USD
  Expenses:Food:Restaurant                          16.75 USD

2023-08-25 * "Cafe Modagor" "Eating out alone"
  Liabilities:US:Chase:Slate                       -26.11 USD
  Expenses:Food:Restaurant                          26.11 USD

2023-08-29 * "Uncle Boons" "Eating out alone"
  Liabilities:US:Chase:Slate                       -24.37 USD
  Expenses:Food:Restaurant                          24.37 USD

2023-08-29 * "Good Moods Market" "Buying groceries"
  Liabilities:US:Chase:Slate                       -85.17 USD
  Expenses:Food:Groceries                           85.17 USD

2023-09-02 * "Metro Transport Authority" "Tram tickets"
  Liabilities:US:Chase:Slate                      -120.00 USD
  Expenses:Transport:Tram                          120.00 USD

2023-09-03 * "Chichipotle" "Eating out with Natasha"
  Liabilities:US:Chase:Slate                       -27.40 USD
  Expenses:Food:Restaurant                          27.40 USD

2023-09-04 * "Uncle Boons" "Eating out with Julie"
  Liabilities:US:Chase:Slate                       -23.40 USD
  Expenses:Food:Restaurant                          23.40 USD

2023-09-08 * "Chase:Slate" "Paying off credit card"
  Liabilities:US:Chase:Slate                       518.41 USD
  Assets:US:BofA:Checking                         -518.41 USD

2023-09-09 * "Jewel of Morroco" "Eating out "
  Liabilities:US:Chase:Slate                       -57.95 USD
  Expenses:Food:Restaurant                          57.95 USD

2023-09-11 * "Jewel of Morroco" "Eating out with Natasha"
  Liabilities:US:Chase:Slate                       -22.03 USD
  Expenses:Food:Restaurant                          22.03 USD

2023-09-12 balance Liabilities:US:Chase:Slate    -1652.13 USD

2023-09-15 * "Onion Market" "Buying groceries"
  Liabilities:US:Chase:Slate                      -102.74 USD
  Expenses:Food:Groceries                          102.74 USD

2023-09-16 * "Uncle Boons" "Eating out after work"
  Liabilities:US:Chase:Slate                       -32.24 USD
  Expenses:Food:Restaurant                          32.24 USD

2023-09-17 * "Uncle Boons" "Eating out after work"
  Liabilities:US:Chase:Slate                       -16.68 USD
  Expenses:Food:Restaurant                          16.68 USD

2023-09-20 * "Chichipotle" "Eating out with Joe"
  Liabilities:US:Chase:Slate                       -21.76 USD
  Expenses:Food:Restaurant                          21.76 USD

2023-09-20 * "Corner Deli" "Buying groceries"
  Liabilities:US:Chase:Slate                       -52.85 USD
  Expenses:Food:Groceries                           52.85 USD

2023-09-21 * "Rose Flower" "Eating out alone"
  Liabilities:US:Chase:Slate                       -30.49 USD
  Expenses:Food:Restaurant                          30.49 USD

2023-09-22 * "Uncle Boons" "Eating out with work buddies"
  Liabilities:US:Chase:Slate                       -27.75 USD
  Expenses:Food:Restaurant                          27.75 USD

2023-09-26 * "Rose Flower" "Eating out "
  Liabilities:US:Chase:Slate                       -27.35 USD
  Expenses:Food:Restaurant                          27.35 USD

2023-09-27 * "Rose Flower" "Eating out with Joe"
  Liabilities:US:Chase:Slate                       -17.31 USD
  Expenses:Food:Restaurant                          17.31 USD

2023-09-28 * "Onion Market" "Buying groceries"
  Liabilities:US:Chase:Slate                       -97.92 USD
  Expenses:Food:Groceries                           97.92 USD

2023-09-29 * "Goba Goba" "Eating out with Joe"
  Liabilities:US:Chase:Slate                       -44.77 USD
  Expenses:Food:Restaurant                          44.77 USD

2023-09-30 * "Kin Soy" "Eating out "
  Liabilities:US:Chase:Slate                       -37.12 USD
  Expenses:Food:Restaurant                          37.12 USD

2023-09-30 * "Metro Transport Authority" "Tram tickets"
  Liabilities:US:Chase:Slate                      -120.00 USD
  Expenses:Transport:Tram                          120.00 USD

2023-10-02 * "China Garden" "Eating out with Bill"
  Liabilities:US:Chase:Slate                       -57.28 USD
  Expenses:Food:Restaurant                          57.28 USD

2023-10-07 balance Liabilities:US:Chase:Slate    -2338.39 USD

2023-10-07 * "Jewel of Morroco" "Eating out after work"
  Liabilities:US:Chase:Slate                       -37.91 USD
  Expenses:Food:Restaurant                          37.91 USD

2023-10-07 * "Farmer Fresh" "Buying groceries"
  Liabilities:US:Chase:Slate                      -102.04 USD
  Expenses:Food:Groceries                          102.04 USD

2023-10-11 * "Chichipotle" "Eating out with Bill"
  Liabilities:US:Chase:Slate                       -20.60 USD
  Expenses:Food:Restaurant                          20.60 USD

2023-10-11 * "Chase:Slate" "Paying off credit card"
  Liabilities:US:Chase:Slate                       868.84 USD
  Assets:US:BofA:Checking                         -868.84 USD

2023-10-12 * "Onion Market" "Buying groceries"
  Liabilities:US:Chase:Slate                       -86.99 USD
  Expenses:Food:Groceries                           86.99 USD

2023-10-16 * "China Garden" "Eating out "
  Liabilities:US:Chase:Slate                       -25.28 USD
  Expenses:Food:Restaurant                          25.28 USD

2023-10-17 * "Goba Goba" "Eating out with Julie"
  Liabilities:US:Chase:Slate                       -35.44 USD
  Expenses:Food:Restaurant                          35.44 USD

2023-10-17 * "Farmer Fresh" "Buying groceries"
  Liabilities:US:Chase:Slate                       -68.50 USD
  Expenses:Food:Groceries                           68.50 USD

2023-10-20 * "China Garden" "Eating out with work buddies"
  Liabilities:US:Chase:Slate                       -57.85 USD
  Expenses:Food:Restaurant                          57.85 USD

2023-10-23 * "Uncle Boons" "Eating out with Joe"
  Liabilities:US:Chase:Slate                       -23.63 USD
  Expenses:Food:Restaurant                          23.63 USD

2023-10-25 * "Cafe Modagor" "Eating out "
  Liabilities:US:Chase:Slate                       -16.59 USD
  Expenses:Food:Restaurant                          16.59 USD

2023-10-27 balance Liabilities:US:Chase:Slate    -1944.38 USD

2023-10-28 * "China Garden" "Eating out with Joe"
  Liabilities:US:Chase:Slate                       -15.47 USD
  Expenses:Food:Restaurant                          15.47 USD

2023-10-30 * "Metro Transport Authority" "Tram tickets"
  Liabilities:US:Chase:Slate                      -120.00 USD
  Expenses:Transport:Tram                          120.00 USD

2023-11-01 * "Cafe Modagor" "Eating out with Joe"
  Liabilities:US:Chase:Slate                       -51.18 USD
  Expenses:Food:Restaurant                          51.18 USD

2023-11-01 * "Farmer Fresh" "Buying groceries"
  Liabilities:US:Chase:Slate                      -110.83 USD
  Expenses:Food:Groceries                          110.83 USD

2023-11-02 * "Kin Soy" "Eating out alone"
  Liabilities:US:Chase:Slate                       -26.85 USD
  Expenses:Food:Restaurant                          26.85 USD

2023-11-05 * "Jewel of Morroco" "Eating out alone"
  Liabilities:US:Chase:Slate                       -33.36 USD
  Expenses:Food:Restaurant                          33.36 USD

2023-11-08 * "Chase:Slate" "Paying off credit card"
  Liabilities:US:Chase:Slate                       689.41 USD
  Assets:US:BofA:Checking                         -689.41 USD

2023-11-09 * "China Garden" "Eating out with Joe"
  Liabilities:US:Chase:Slate                       -17.44 USD
  Expenses:Food:Restaurant                          17.44 USD

2023-11-09 * "Corner Deli" "Buying groceries"
  Liabilities:US:Chase:Slate                       -48.28 USD
  Expenses:Food:Groceries                           48.28 USD

2023-11-11 * "Rose Flower" "Eating out alone"
  Liabilities:US:Chase:Slate                       -46.95 USD
  Expenses:Food:Restaurant                          46.95 USD

2023-11-14 * "Chichipotle" "Eating out with work buddies"
  Liabilities:US:Chase:Slate                       -47.08 USD
  Expenses:Food:Restaurant                          47.08 USD

2023-11-16 * "Corner Deli" "Buying groceries"
  Liabilities:US:Chase:Slate                       -85.86 USD
  Expenses:Food:Groceries                           85.86 USD

2023-11-18 * "China Garden" "Eating out with Natasha"
  Liabilities:US:Chase:Slate                       -26.94 USD
  Expenses:Food:Restaurant                          26.94 USD

2023-11-21 balance Liabilities:US:Chase:Slate    -1885.21 USD

2023-11-22 * "Rose Flower" "Eating out "
  Liabilities:US:Chase:Slate                       -21.73 USD
  Expenses:Food:Restaurant                          21.73 USD

2023-11-24 * "Uncle Boons" "Eating out after work"
  Liabilities:US:Chase:Slate                       -35.80 USD
  Expenses:Food:Restaurant                          35.80 USD

2023-11-27 * "Chichipotle" "Eating out with Bill"
  Liabilities:US:Chase:Slate                       -56.80 USD
  Expenses:Food:Restaurant                          56.80 USD

2023-11-29 * "China Garden" "Eating out with Julie"
  Liabilities:US:Chase:Slate                       -19.07 USD
  Expenses:Food:Restaurant                          19.07 USD

2023-12-01 * "Metro Transport Authority" "Tram tickets"
  Liabilities:US:Chase:Slate                      -120.00 USD
  Expenses:Transport:Tram                          120.00 USD

2023-12-03 * "China Garden" "Eating out with Joe"
  Liabilities:US:Chase:Slate                       -29.57 USD
  Expenses:Food:Restaurant                          29.57 USD

2023-12-03 * "Farmer Fresh" "Buying groceries"
  Liabilities:US:Chase:Slate                       -91.09 USD
  Expenses:Food:Groceries                           91.09 USD

2023-12-06 * "Rose Flower" "Eating out "
  Liabilities:US:Chase:Slate                       -18.41 USD
  Expenses:Food:Restaurant                          18.41 USD

2023-12-08 * "China Garden" "Eating out with Julie"
  Liabilities:US:Chase:Slate                       -17.57 USD
  Expenses:Food:Restaurant                          17.57 USD

2023-12-08 * "Chase:Slate" "Paying off credit card"
  Liabilities:US:Chase:Slate                       665.15 USD
  Assets:US:BofA:Checking                         -665.15 USD

2023-12-12 * "Cafe Modagor" "Eating out with Julie"
  Liabilities:US:Chase:Slate                       -47.85 USD
  Expenses:Food:Restaurant                          47.85 USD

2023-12-14 balance Liabilities:US:Chase:Slate    -1677.95 USD

2023-12-14 * "Chichipotle" "Eating out "
  Liabilities:US:Chase:Slate                       -32.28 USD
  Expenses:Food:Restaurant                          32.28 USD

2023-12-14 * "Corner Deli" "Buying groceries"
  Liabilities:US:Chase:Slate                      -120.90 USD
  Expenses:Food:Groceries                          120.90 USD

2023-12-16 * "Jewel of Morroco" "Eating out with work buddies"
  Liabilities:US:Chase:Slate                       -20.30 USD
  Expenses:Food:Restaurant                          20.30 USD

2023-12-19 * "Uncle Boons" "Eating out with Julie"
  Liabilities:US:Chase:Slate                       -20.03 USD
  Expenses:Food:Restaurant                          20.03 USD

2023-12-23 * "Uncle Boons" "Eating out alone"
  Liabilities:US:Chase:Slate                       -33.83 USD
  Expenses:Food:Restaurant                          33.83 USD

2023-12-26 * "Good Moods Market" "Buying groceries"
  Liabilities:US:Chase:Slate                       -87.02 USD
  Expenses:Food:Groceries                           87.02 USD

2023-12-28 * "China Garden" "Eating out with Julie"
  Liabilities:US:Chase:Slate                       -13.22 USD
  Expenses:Food:Restaurant                          13.22 USD

2023-12-31 * "Chichipotle" "Eating out alone"
  Liabilities:US:Chase:Slate                       -46.52 USD
  Expenses:Food:Restaurant                          46.52 USD

2024-01-01 * "Jewel of Morroco" "Eating out with Joe"
  Liabilities:US:Chase:Slate                       -29.88 USD
  Expenses:Food:Restaurant                          29.88 USD

2024-01-02 * "Uncle Boons" "Eating out alone"
  Liabilities:US:Chase:Slate                       -30.19 USD
  Expenses:Food:Restaurant                          30.19 USD

2024-01-03 * "Metro Transport Authority" "Tram tickets"
  Liabilities:US:Chase:Slate                      -120.00 USD
  Expenses:Transport:Tram                          120.00 USD

2024-01-05 * "Cafe Modagor" "Eating out "
  Liabilities:US:Chase:Slate                       -64.51 USD
  Expenses:Food:Restaurant                          64.51 USD

2024-01-06 * "Chichipotle" "Eating out with Bill"
  Liabilities:US:Chase:Slate                       -26.79 USD
  Expenses:Food:Restaurant                          26.79 USD

2024-01-08 balance Liabilities:US:Chase:Slate    -2323.42 USD

2024-01-08 * "Chase:Slate" "Paying off credit card"
  Liabilities:US:Chase:Slate                       713.56 USD
  Assets:US:BofA:Checking                         -713.56 USD

2024-01-09 * "Cafe Modagor" "Eating out with Bill"
  Liabilities:US:Chase:Slate                       -20.24 USD
  Expenses:Food:Restaurant                          20.24 USD

2024-01-09 * "Farmer Fresh" "Buying groceries"
  Liabilities:US:Chase:Slate                       -67.34 USD
  Expenses:Food:Groceries                           67.34 USD

2024-01-14 * "Uncle Boons" "Eating out with Joe"
  Liabilities:US:Chase:Slate                       -24.48 USD
  Expenses:Food:Restaurant                          24.48 USD

2024-01-18 * "Chichipotle" "Eating out with Bill"
  Liabilities:US:Chase:Slate                       -30.07 USD
  Expenses:Food:Restaurant                          30.07 USD

2024-01-22 * "Rose Flower" "Eating out with Julie"
  Liabilities:US:Chase:Slate                       -36.01 USD
  Expenses:Food:Restaurant                          36.01 USD

2024-01-25 * "Farmer Fresh" "Buying groceries"
  Liabilities:US:Chase:Slate                       -85.95 USD
  Expenses:Food:Groceries                           85.95 USD

2024-01-26 * "Rose Flower" "Eating out with work buddies"
  Liabilities:US:Chase:Slate                       -49.16 USD
  Expenses:Food:Restaurant                          49.16 USD

2024-01-28 * "Jewel of Morroco" "Eating out with Natasha"
  Liabilities:US:Chase:Slate                       -32.51 USD
  Expenses:Food:Restaurant                          32.51 USD

2024-01-30 * "Goba Goba" "Eating out with Joe"
  Liabilities:US:Chase:Slate                       -73.33 USD
  Expenses:Food:Restaurant                          73.33 USD

2024-01-31 event "location" "San Francisco"

2024-02-01 * "Pizza Delfina" "" #trip-san-francisco-2024
  Liabilities:US:Chase:Slate                       -21.56 USD
  Expenses:Food:Restaurant                          21.56 USD

2024-02-02 balance Liabilities:US:Chase:Slate    -2050.51 USD

2024-02-02 * "Pizza Delfina" "" #trip-san-francisco-2024
  Liabilities:US:Chase:Slate                       -17.90 USD
  Expenses:Food:Restaurant                          17.90 USD

2024-02-02 * "Waterbar" "" #trip-san-francisco-2024
  Liabilities:US:Chase:Slate                       -52.40 USD
  Expenses:Food:Restaurant                          52.40 USD

2024-02-02 * "Starbucks" "" #trip-san-francisco-2024
  Liabilities:US:Chase:Slate                        -5.65 USD
  Expenses:Food:Coffee                               5.65 USD

2024-02-03 * "Bar Crudo" "" #trip-san-francisco-2024
  Liabilities:US:Chase:Slate                       -63.24 USD
  Expenses:Food:Restaurant                          63.24 USD

2024-02-03 * "Pizza Delfina" "" #trip-san-francisco-2024
  Liabilities:US:Chase:Slate                       -19.68 USD
  Expenses:Food:Restaurant                          19.68 USD

2024-02-04 * "Bar Crudo" "" #trip-san-francisco-2024
  Liabilities:US:Chase:Slate                       -71.15 USD
  Expenses:Food:Restaurant                          71.15 USD

2024-02-04 * "Mission Chinese Food" "" #trip-san-francisco-2024
  Liabilities:US:Chase:Slate                       -24.55 USD
  Expenses:Food:Restaurant                          24.55 USD

2024-02-05 * "Starbucks" "" #trip-san-francisco-2024
  Liabilities:US:Chase:Slate                        -5.25 USD
  Expenses:Food:Coffee                               5.25 USD

2024-02-06 * "Waterbar" "" #trip-san-francisco-2024
  Liabilities:US:Chase:Slate                       -41.10 USD
  Expenses:Food:Restaurant                          41.10 USD

2024-02-06 * "Mission Chinese Food" "" #trip-san-francisco-2024
  Liabilities:US:Chase:Slate                       -23.49 USD
  Expenses:Food:Restaurant                          23.49 USD

2024-02-07 * "Bar Crudo" "" #trip-san-francisco-2024
  Liabilities:US:Chase:Slate                       -58.21 USD
  Expenses:Food:Restaurant                          58.21 USD

2024-02-07 * "Pizza Delfina" "" #trip-san-francisco-2024
  Liabilities:US:Chase:Slate                       -19.44 USD
  Expenses:Food:Restaurant                          19.44 USD

2024-02-07 * "Waterbar" "" #trip-san-francisco-2024
  Liabilities:US:Chase:Slate                       -40.31 USD
  Expenses:Food:Restaurant                          40.31 USD

2024-02-07 * "Mission Chinese Food" "" #trip-san-francisco-2024
  Liabilities:US:Chase:Slate                       -35.35 USD
  Expenses:Food:Restaurant                          35.35 USD

2024-02-08 * "Waterbar" "" #trip-san-francisco-2024
  Liabilities:US:Chase:Slate                       -50.39 USD
  Expenses:Food:Restaurant                          50.39 USD

2024-02-09 * "Bar Crudo" "" #trip-san-francisco-2024
  Liabilities:US:Chase:Slate                       -74.01 USD
  Expenses:Food:Restaurant                          74.01 USD

2024-02-09 * "Mission Chinese Food" "" #trip-san-francisco-2024
  Liabilities:US:Chase:Slate                       -21.31 USD
  Expenses:Food:Restaurant                          21.31 USD

2024-02-09 * "Chase:Slate" "Paying off credit card"
  Liabilities:US:Chase:Slate                       440.04 USD
  Assets:US:BofA:Checking                         -440.04 USD

2024-02-10 * "Pizza Delfina" "" #trip-san-francisco-2024
  Liabilities:US:Chase:Slate                       -20.54 USD
  Expenses:Food:Restaurant                          20.54 USD

2024-02-10 * "Waterbar" "" #trip-san-francisco-2024
  Liabilities:US:Chase:Slate                       -46.87 USD
  Expenses:Food:Restaurant                          46.87 USD

2024-02-10 * "Starbucks" "" #trip-san-francisco-2024
  Liabilities:US:Chase:Slate                        -5.23 USD
  Expenses:Food:Coffee                               5.23 USD

2024-02-11 * "Onion Market" "Buying groceries"
  Liabilities:US:Chase:Slate                       -41.19 USD
  Expenses:Food:Groceries                           41.19 USD

2024-02-11 * "Bar Crudo" "" #trip-san-francisco-2024
  Liabilities:US:Chase:Slate                       -77.34 USD
  Expenses:Food:Restaurant                          77.34 USD

2024-02-11 * "Consume vacation days"
  Assets:US:Babble:Vacation                           -88 VACHR
  Expenses:Vacation                                    88 VACHR

2024-02-11 event "location" "New Metropolis"

2024-02-14 * "Rose Flower" "Eating out alone"
  Liabilities:US:Chase:Slate                       -43.52 USD
  Expenses:Food:Restaurant                          43.52 USD

2024-02-19 * "Rose Flower" "Eating out alone"
  Liabilities:US:Chase:Slate                       -30.03 USD
  Expenses:Food:Restaurant                          30.03 USD

2024-02-22 balance Liabilities:US:Chase:Slate    -2498.62 USD

2024-02-22 * "Uncle Boons" "Eating out "
  Liabilities:US:Chase:Slate                       -32.64 USD
  Expenses:Food:Restaurant                          32.64 USD

2024-02-27 * "Rose Flower" "Eating out alone"
  Liabilities:US:Chase:Slate                       -29.63 USD
  Expenses:Food:Restaurant                          29.63 USD

2024-03-01 * "Good Moods Market" "Buying groceries"
  Liabilities:US:Chase:Slate                       -88.84 USD
  Expenses:Food:Groceries                           88.84 USD

2024-03-03 * "Cafe Modagor" "Eating out with Bill"
  Liabilities:US:Chase:Slate                       -17.44 USD
  Expenses:Food:Restaurant                          17.44 USD

2024-03-05 * "Metro Transport Authority" "Tram tickets"
  Liabilities:US:Chase:Slate                      -120.00 USD
  Expenses:Transport:Tram                          120.00 USD

2024-03-07 * "China Garden" "Eating out with work buddies"
  Liabilities:US:Chase:Slate                       -35.47 USD
  Expenses:Food:Restaurant                          35.47 USD

2024-03-10 * "Corner Deli" "Buying groceries"
  Liabilities:US:Chase:Slate                      -116.02 USD
  Expenses:Food:Groceries                          116.02 USD

2024-03-11 * "Cafe Modagor" "Eating out with work buddies"
  Liabilities:US:Chase:Slate                       -29.01 USD
  Expenses:Food:Restaurant                          29.01 USD

2024-03-11 * "Chase:Slate" "Paying off credit card"
  Liabilities:US:Chase:Slate                       542.60 USD
  Assets:US:BofA:Checking                         -542.60 USD

2024-03-13 balance Liabilities:US:Chase:Slate    -2425.07 USD

2024-03-14 * "Kin Soy" "Eating out with Bill"
  Liabilities:US:Chase:Slate                       -75.21 USD
  Expenses:Food:Restaurant                          75.21 USD

2024-03-17 * "Chichipotle" "Eating out with Bill"
  Liabilities:US:Chase:Slate                       -29.97 USD
  Expenses:Food:Restaurant                          29.97 USD

2024-03-20 * "Jewel of Morroco" "Eating out after work"
  Liabilities:US:Chase:Slate                       -22.42 USD
  Expenses:Food:Restaurant                          22.42 USD

2024-03-22 * "Rose Flower" "Eating out alone"
  Liabilities:US:Chase:Slate                       -56.32 USD
  Expenses:Food:Restaurant                          56.32 USD

2024-03-25 * "Farmer Fresh" "Buying groceries"
  Liabilities:US:Chase:Slate                       -64.37 USD
  Expenses:Food:Groceries                           64.37 USD

2024-03-26 * "Kin Soy" "Eating out after work"
  Liabilities:US:Chase:Slate                       -34.35 USD
  Expenses:Food:Restaurant                          34.35 USD

2024-03-31 * "Chichipotle" "Eating out after work"
  Liabilities:US:Chase:Slate                       -56.92 USD
  Expenses:Food:Restaurant                          56.92 USD

2024-04-05 * "China Garden" "Eating out after work"
  Liabilities:US:Chase:Slate                        -8.93 USD
  Expenses:Food:Restaurant                           8.93 USD

2024-04-05 * "Metro Transport Authority" "Tram tickets"
  Liabilities:US:Chase:Slate                      -120.00 USD
  Expenses:Transport:Tram                          120.00 USD

2024-04-06 balance Liabilities:US:Chase:Slate    -2893.56 USD

2024-04-06 * "Onion Market" "Buying groceries"
  Liabilities:US:Chase:Slate                       -59.76 USD
  Expenses:Food:Groceries                           59.76 USD

2024-04-07 * "Uncle Boons" "Eating out alone"
  Liabilities:US:Chase:Slate                       -16.82 USD
  Expenses:Food:Restaurant                          16.82 USD

2024-04-07 * "Chase:Slate" "Paying off credit card"
  Liabilities:US:Chase:Slate                       545.07 USD
  Assets:US:BofA:Checking                         -545.07 USD

2024-04-10 * "Jewel of Morroco" "Eating out with Bill"
  Liabilities:US:Chase:Slate                       -26.80 USD
  Expenses:Food:Restaurant                          26.80 USD

2024-04-15 * "Goba Goba" "Eating out with Joe"
  Liabilities:US:Chase:Slate                       -15.96 USD
  Expenses:Food:Restaurant                          15.96 USD

2024-04-16 * "Onion Market" "Buying groceries"
  Liabilities:US:Chase:Slate                      -107.06 USD
  Expenses:Food:Groceries                          107.06 USD

2024-04-19 * "Uncle Boons" "Eating out after work"
  Liabilities:US:Chase:Slate                       -37.50 USD
  Expenses:Food:Restaurant                          37.50 USD

2024-04-24 * "Rose Flower" "Eating out after work"
  Liabilities:US:Chase:Slate                       -50.92 USD
  Expenses:Food:Restaurant                          50.92 USD

2024-04-25 * "Farmer Fresh" "Buying groceries"
  Liabilities:US:Chase:Slate                      -147.46 USD
  Expenses:Food:Groceries                          147.46 USD

2024-04-26 * "Kin Soy" "Eating out with Julie"
  Liabilities:US:Chase:Slate                       -33.61 USD
  Expenses:Food:Restaurant                          33.61 USD

2024-04-28 balance Liabilities:US:Chase:Slate    -2844.38 USD

2024-05-01 * "China Garden" "Eating out "
  Liabilities:US:Chase:Slate                       -25.28 USD
  Expenses:Food:Restaurant                          25.28 USD

2024-05-03 * "Uncle Boons" "Eating out with Julie"
  Liabilities:US:Chase:Slate                       -61.74 USD
  Expenses:Food:Restaurant                          61.74 USD

2024-05-05 * "Metro Transport Authority" "Tram tickets"
  Liabilities:US:Chase:Slate                      -120.00 USD
  Expenses:Transport:Tram                          120.00 USD

2024-05-08 * "Kin Soy" "Eating out after work"
  Liabilities:US:Chase:Slate                       -33.51 USD
  Expenses:Food:Restaurant                          33.51 USD

2024-05-08 * "Chase:Slate" "Paying off credit card"
  Liabilities:US:Chase:Slate                       659.84 USD
  Assets:US:BofA:Checking                         -659.84 USD

2024-05-10 * "Goba Goba" "Eating out with Natasha"
  Liabilities:US:Chase:Slate                       -26.53 USD
  Expenses:Food:Restaurant                          26.53 USD

2024-05-10 * "Onion Market" "Buying groceries"
  Liabilities:US:Chase:Slate                       -98.78 USD
  Expenses:Food:Groceries                           98.78 USD

2024-05-15 * "Chichipotle" "Eating out "
  Liabilities:US:Chase:Slate                       -29.59 USD
  Expenses:Food:Restaurant                          29.59 USD

2024-05-16 * "Jewel of Morroco" "Eating out with Julie"
  Liabilities:US:Chase:Slate                       -36.83 USD
  Expenses:Food:Restaurant                          36.83 USD

2024-05-17 * "Rose Flower" "Eating out with Natasha"
  Liabilities:US:Chase:Slate                       -34.83 USD
  Expenses:Food:Restaurant                          34.83 USD

2024-05-22 * "Cafe Modagor" "Eating out with Bill"
  Liabilities:US:Chase:Slate                       -20.08 USD
  Expenses:Food:Restaurant                          20.08 USD

2024-05-23 * "Chichipotle" "Eating out after work"
  Liabilities:US:Chase:Slate                       -83.31 USD
  Expenses:Food:Restaurant                          83.31 USD

2024-05-24 balance Liabilities:US:Chase:Slate    -2755.02 USD

2024-05-25 * "Cafe Modagor" "Eating out with Natasha"
  Liabilities:US:Chase:Slate                       -26.55 USD
  Expenses:Food:Restaurant                          26.55 USD

2024-05-26 * "Good Moods Market" "Buying groceries"
  Liabilities:US:Chase:Slate                       -76.31 USD
  Expenses:Food:Groceries                           76.31 USD

2024-05-30 * "Kin Soy" "Eating out with Bill"
  Liabilities:US:Chase:Slate                       -35.63 USD
  Expenses:Food:Restaurant                          35.63 USD

2024-06-02 * "Corner Deli" "Buying groceries"
  Liabilities:US:Chase:Slate                       -71.02 USD
  Expenses:Food:Groceries                           71.02 USD

2024-06-03 * "Chichipotle" "Eating out with Julie"
  Liabilities:US:Chase:Slate                       -32.25 USD
  Expenses:Food:Restaurant                          32.25 USD

2024-06-04 * "Uncle Boons" "Eating out with work buddies"
  Liabilities:US:Chase:Slate                       -34.54 USD
  Expenses:Food:Restaurant                          34.54 USD

2024-06-04 * "Metro Transport Authority" "Tram tickets"
  Liabilities:US:Chase:Slate                      -120.00 USD
  Expenses:Transport:Tram                          120.00 USD

2024-06-07 * "Uncle Boons" "Eating out with Natasha"
  Liabilities:US:Chase:Slate                       -15.93 USD
  Expenses:Food:Restaurant                          15.93 USD

2024-06-09 * "Rose Flower" "Eating out alone"
  Liabilities:US:Chase:Slate                       -39.42 USD
  Expenses:Food:Restaurant                          39.42 USD

2024-06-09 * "Onion Market" "Buying groceries"
  Liabilities:US:Chase:Slate                       -92.39 USD
  Expenses:Food:Groceries                           92.39 USD

2024-06-09 * "Chase:Slate" "Paying off credit card"
  Liabilities:US:Chase:Slate                       781.60 USD
  Assets:US:BofA:Checking                         -781.60 USD

2024-06-10 * "China Garden" "Eating out alone"
  Liabilities:US:Chase:Slate                       -25.60 USD
  Expenses:Food:Restaurant                          25.60 USD

2024-06-12 * "Cafe Modagor" "Eating out with work buddies"
  Liabilities:US:Chase:Slate                       -35.69 USD
  Expenses:Food:Restaurant                          35.69 USD

2024-06-17 * "Uncle Boons" "Eating out with Natasha"
  Liabilities:US:Chase:Slate                       -37.25 USD
  Expenses:Food:Restaurant                          37.25 USD

2024-06-20 * "Farmer Fresh" "Buying groceries"
  Liabilities:US:Chase:Slate                       -82.48 USD
  Expenses:Food:Groceries                           82.48 USD

2024-06-21 * "Jewel of Morroco" "Eating out with Bill"
  Liabilities:US:Chase:Slate                       -26.14 USD
  Expenses:Food:Restaurant                          26.14 USD

2024-06-22 balance Liabilities:US:Chase:Slate    -2724.62 USD

2024-06-26 * "Cafe Modagor" "Eating out after work"
  Liabilities:US:Chase:Slate                       -16.66 USD
  Expenses:Food:Restaurant                          16.66 USD

2024-06-28 * "Jewel of Morroco" "Eating out with Bill"
  Liabilities:US:Chase:Slate                       -16.52 USD
  Expenses:Food:Restaurant                          16.52 USD

2024-06-28 * "Good Moods Market" "Buying groceries"
  Liabilities:US:Chase:Slate                       -96.78 USD
  Expenses:Food:Groceries                           96.78 USD

2024-07-02 * "Kin Soy" "Eating out alone"
  Liabilities:US:Chase:Slate                       -62.21 USD
  Expenses:Food:Restaurant                          62.21 USD

2024-07-04 * "Good Moods Market" "Buying groceries"
  Liabilities:US:Chase:Slate                       -88.60 USD
  Expenses:Food:Groceries                           88.60 USD

2024-07-05 * "Metro Transport Authority" "Tram tickets"
  Liabilities:US:Chase:Slate                      -120.00 USD
  Expenses:Transport:Tram                          120.00 USD

2024-07-07 * "Chichipotle" "Eating out with work buddies"
  Liabilities:US:Chase:Slate                       -20.49 USD
  Expenses:Food:Restaurant                          20.49 USD

2024-07-07 * "Chase:Slate" "Paying off credit card"
  Liabilities:US:Chase:Slate                       720.81 USD
  Assets:US:BofA:Checking                         -720.81 USD

2024-07-12 * "Cafe Modagor" "Eating out with Natasha"
  Liabilities:US:Chase:Slate                       -30.28 USD
  Expenses:Food:Restaurant                          30.28 USD

2024-07-16 * "Kin Soy" "Eating out with Natasha"
  Liabilities:US:Chase:Slate                       -43.15 USD
  Expenses:Food:Restaurant                          43.15 USD

2024-07-19 balance Liabilities:US:Chase:Slate    -2498.50 USD

2024-07-19 * "China Garden" "Eating out after work"
  Liabilities:US:Chase:Slate                       -28.11 USD
  Expenses:Food:Restaurant                          28.11 USD

2024-07-20 * "Onion Market" "Buying groceries"
  Liabilities:US:Chase:Slate                       -93.92 USD
  Expenses:Food:Groceries                           93.92 USD

2024-07-21 * "Kin Soy" "Eating out alone"
  Liabilities:US:Chase:Slate                       -33.99 USD
  Expenses:Food:Restaurant                          33.99 USD

2024-07-25 * "Uncle Boons" "Eating out with Julie"
  Liabilities:US:Chase:Slate                       -20.19 USD
  Expenses:Food:Restaurant                          20.19 USD

2024-07-27 * "Onion Market" "Buying groceries"
  Liabilities:US:Chase:Slate                       -97.05 USD
  Expenses:Food:Groceries                           97.05 USD

2024-07-29 * "Uncle Boons" "Eating out after work"
  Liabilities:US:Chase:Slate                       -22.29 USD
  Expenses:Food:Restaurant                          22.29 USD

2024-08-01 * "China Garden" "Eating out with work buddies"
  Liabilities:US:Chase:Slate                       -19.63 USD
  Expenses:Food:Restaurant                          19.63 USD

2024-08-02 * "Metro Transport Authority" "Tram tickets"
  Liabilities:US:Chase:Slate                      -120.00 USD
  Expenses:Transport:Tram                          120.00 USD

2024-08-04 * "Rose Flower" "Eating out with Natasha"
  Liabilities:US:Chase:Slate                       -24.44 USD
  Expenses:Food:Restaurant                          24.44 USD

2024-08-04 * "Onion Market" "Buying groceries"
  Liabilities:US:Chase:Slate                       -85.80 USD
  Expenses:Food:Groceries                           85.80 USD

2024-08-07 * "Chase:Slate" "Paying off credit card"
  Liabilities:US:Chase:Slate                       684.44 USD
  Assets:US:BofA:Checking                         -684.44 USD

2024-08-08 * "China Garden" "Eating out after work"
  Liabilities:US:Chase:Slate                       -65.59 USD
  Expenses:Food:Restaurant                          65.59 USD

2024-08-11 * "Goba Goba" "Eating out with Bill"
  Liabilities:US:Chase:Slate                       -51.84 USD
  Expenses:Food:Restaurant                          51.84 USD

2024-08-13 balance Liabilities:US:Chase:Slate    -2476.91 USD

2024-08-15 * "Goba Goba" "Eating out with Julie"
  Liabilities:US:Chase:Slate                       -34.69 USD
  Expenses:Food:Restaurant                          34.69 USD

2024-08-16 * "Uncle Boons" "Eating out with Bill"
  Liabilities:US:Chase:Slate                       -18.87 USD
  Expenses:Food:Restaurant                          18.87 USD

2024-08-21 * "Rose Flower" "Eating out after work"
  Liabilities:US:Chase:Slate                       -34.85 USD
  Expenses:Food:Restaurant                          34.85 USD

2024-08-22 * "Good Moods Market" "Buying groceries"
  Liabilities:US:Chase:Slate                       -89.23 USD
  Expenses:Food:Groceries                           89.23 USD

2024-08-26 * "Rose Flower" "Eating out with work buddies"
  Liabilities:US:Chase:Slate                       -17.28 USD
  Expenses:Food:Restaurant                          17.28 USD

2024-08-30 * "Goba Goba" "Eating out "
  Liabilities:US:Chase:Slate                       -15.11 USD
  Expenses:Food:Restaurant                          15.11 USD

2024-09-01 * "Metro Transport Authority" "Tram tickets"
  Liabilities:US:Chase:Slate                      -120.00 USD
  Expenses:Transport:Tram                          120.00 USD

2024-09-03 * "Uncle Boons" "Eating out with Natasha"
  Liabilities:US:Chase:Slate                       -51.84 USD
  Expenses:Food:Restaurant                          51.84 USD

2024-09-06 * "Kin Soy" "Eating out with Natasha"
  Liabilities:US:Chase:Slate                       -40.27 USD
  Expenses:Food:Restaurant                          40.27 USD

2024-09-08 * "Kin Soy" "Eating out alone"
  Liabilities:US:Chase:Slate                       -11.88 USD
  Expenses:Food:Restaurant                          11.88 USD

2024-09-10 * "Onion Market" "Buying groceries"
  Liabilities:US:Chase:Slate                       -90.36 USD
  Expenses:Food:Groceries                           90.36 USD

2024-09-11 * "Chase:Slate" "Paying off credit card"
  Liabilities:US:Chase:Slate                       586.69 USD
  Assets:US:BofA:Checking                         -586.69 USD

2024-09-12 balance Liabilities:US:Chase:Slate    -2414.60 USD

2024-09-13 * "Rose Flower" "Eating out with Joe"
  Liabilities:US:Chase:Slate                       -10.47 USD
  Expenses:Food:Restaurant                          10.47 USD

2024-09-17 * "Jewel of Morroco" "Eating out after work"
  Liabilities:US:Chase:Slate                       -65.75 USD
  Expenses:Food:Restaurant                          65.75 USD

2024-09-20 * "China Garden" "Eating out with Bill"
  Liabilities:US:Chase:Slate                       -34.00 USD
  Expenses:Food:Restaurant                          34.00 USD

2024-09-22 * "Kin Soy" "Eating out with work buddies"
  Liabilities:US:Chase:Slate                       -17.04 USD
  Expenses:Food:Restaurant                          17.04 USD

2024-09-23 * "Kin Soy" "Eating out with Bill"
  Liabilities:US:Chase:Slate                       -68.72 USD
  Expenses:Food:Restaurant                          68.72 USD

2024-09-26 * "Goba Goba" "Eating out with Natasha"
  Liabilities:US:Chase:Slate                       -30.68 USD
  Expenses:Food:Restaurant                          30.68 USD

2024-09-28 * "Metro Transport Authority" "Tram tickets"
  Liabilities:US:Chase:Slate                      -120.00 USD
  Expenses:Transport:Tram                          120.00 USD

2024-09-29 * "Good Moods Market" "Buying groceries"
  Liabilities:US:Chase:Slate                       -81.37 USD
  Expenses:Food:Groceries                           81.37 USD

2024-10-01 * "Jewel of Morroco" "Eating out with Bill"
  Liabilities:US:Chase:Slate                       -14.12 USD
  Expenses:Food:Restaurant                          14.12 USD

2024-10-02 * "Jewel of Morroco" "Eating out with Julie"
  Liabilities:US:Chase:Slate                       -19.99 USD
  Expenses:Food:Restaurant                          19.99 USD

2024-10-04 * "Goba Goba" "Eating out after work"
  Liabilities:US:Chase:Slate                       -33.30 USD
  Expenses:Food:Restaurant                          33.30 USD



* Taxable Investments

2022-01-01 open Assets:US:ETrade:Cash                       USD
2022-01-01 open Assets:US:ETrade:ITOT                       ITOT
2022-01-01 open Assets:US:ETrade:VEA                       VEA
2022-01-01 open Assets:US:ETrade:VHT                       VHT
2022-01-01 open Assets:US:ETrade:GLD                       GLD
2022-01-01 open Income:US:ETrade:PnL                        USD
2022-01-01 open Income:US:ETrade:ITOT:Dividend              USD
2022-01-01 open Income:US:ETrade:VEA:Dividend              USD
2022-01-01 open Income:US:ETrade:VHT:Dividend              USD
2022-01-01 open Income:US:ETrade:GLD:Dividend              USD

2022-09-18 * "Dividends on portfolio"
  Assets:US:ETrade:Cash                              0.00 USD
  Income:US:ETrade:VEA:Dividend                      0.00 USD

2022-10-04 * "Buy shares of VEA"
  Assets:US:ETrade:Cash                          -1265.17 USD
  Assets:US:ETrade:VEA                                  7 VEA {179.46 USD, 2022-10-04}
  Expenses:Financial:Commissions                     8.95 USD

2022-10-04 * "Buy shares of VHT"
  Assets:US:ETrade:Cash                          -1209.24 USD
  Assets:US:ETrade:VHT                                  7 VHT {171.47 USD, 2022-10-04}
  Expenses:Financial:Commissions                     8.95 USD

2022-10-04 * "Buy shares of ITOT"
  Assets:US:ETrade:Cash                          -1305.85 USD
  Assets:US:ETrade:ITOT                                30 ITOT {43.23 USD, 2022-10-04}
  Expenses:Financial:Commissions                     8.95 USD

2022-10-30 * "Sell shares of ITOT"
  Assets:US:ETrade:ITOT                               -30 ITOT {43.23 USD, 2022-10-04} @ 43.02 USD
  Assets:US:ETrade:Cash                           1281.65 USD
  Expenses:Financial:Commissions                     8.95 USD
  Income:US:ETrade:PnL                               6.30 USD

2022-11-06 * "Buy shares of VEA"
  Assets:US:ETrade:Cash                          -1264.12 USD
  Assets:US:ETrade:VEA                                  7 VEA {179.31 USD, 2022-11-06}
  Expenses:Financial:Commissions                     8.95 USD

2022-12-01 * "Buy shares of ITOT"
  Assets:US:ETrade:Cash                          -1078.95 USD
  Assets:US:ETrade:ITOT                                25 ITOT {42.80 USD, 2022-12-01}
  Expenses:Financial:Commissions                     8.95 USD

2022-12-01 * "Buy shares of GLD"
  Assets:US:ETrade:Cash                           -981.35 USD
  Assets:US:ETrade:GLD                                  4 GLD {243.10 USD, 2022-12-01}
  Expenses:Financial:Commissions                     8.95 USD

2022-12-01 * "Buy shares of VHT"
  Assets:US:ETrade:Cash                          -1083.13 USD
  Assets:US:ETrade:VHT                                  6 VHT {179.03 USD, 2022-12-01}
  Expenses:Financial:Commissions                     8.95 USD

2022-12-01 * "Buy shares of VEA"
  Assets:US:ETrade:Cash                          -1068.25 USD
  Assets:US:ETrade:VEA                                  6 VEA {176.55 USD, 2022-12-01}
  Expenses:Financial:Commissions                     8.95 USD

2022-12-17 * "Dividends on portfolio"
  Assets:US:ETrade:Cash                             36.74 USD
  Income:US:ETrade:VHT:Dividend                    -36.74 USD

2023-03-18 * "Dividends on portfolio"
  Assets:US:ETrade:Cash                             36.74 USD
  Income:US:ETrade:GLD:Dividend                    -36.74 USD

2023-04-09 * "Sell shares of VHT"
  Assets:US:ETrade:VHT                                 -6 VHT {179.03 USD, 2022-12-01} @ 161.44 USD
  Assets:US:ETrade:Cash                            959.69 USD
  Expenses:Financial:Commissions                     8.95 USD
  Income:US:ETrade:PnL                             105.54 USD

2023-04-22 * "Buy shares of ITOT"
  Assets:US:ETrade:Cash                           -280.03 USD
  Assets:US:ETrade:ITOT                                 6 ITOT {45.18 USD, 2023-04-22}
  Expenses:Financial:Commissions                     8.95 USD

2023-04-22 * "Buy shares of VHT"
  Assets:US:ETrade:Cash                           -172.40 USD
  Assets:US:ETrade:VHT                                  1 VHT {163.45 USD, 2023-04-22}
  Expenses:Financial:Commissions                     8.95 USD

2023-04-22 * "Buy shares of VEA"
  Assets:US:ETrade:Cash                           -177.57 USD
  Assets:US:ETrade:VEA                                  1 VEA {168.62 USD, 2023-04-22}
  Expenses:Financial:Commissions                     8.95 USD

2023-04-22 * "Buy shares of GLD"
  Assets:US:ETrade:Cash                           -253.13 USD
  Assets:US:ETrade:GLD                                  1 GLD {244.18 USD, 2023-04-22}
  Expenses:Financial:Commissions                     8.95 USD

2023-06-11 * "Sell shares of ITOT"
  Assets:US:ETrade:ITOT                               -25 ITOT {42.80 USD, 2022-12-01} @ 46.14 USD
  Assets:US:ETrade:Cash                           1144.55 USD
  Expenses:Financial:Commissions                     8.95 USD
  Income:US:ETrade:PnL                             -83.50 USD

2023-06-14 * "Sell shares of VHT"
  Assets:US:ETrade:VHT                                 -7 VHT {171.47 USD, 2022-10-04} @ 154.02 USD
  Assets:US:ETrade:Cash                           1069.19 USD
  Expenses:Financial:Commissions                     8.95 USD
  Income:US:ETrade:PnL                             122.15 USD

2023-06-18 * "Dividends on portfolio"
  Assets:US:ETrade:Cash                             40.13 USD
  Income:US:ETrade:GLD:Dividend                    -40.13 USD

2023-06-25 * "Buy shares of VEA"
  Assets:US:ETrade:Cash                          -2806.07 USD
  Assets:US:ETrade:VEA                                 16 VEA {174.82 USD, 2023-06-25}
  Expenses:Financial:Commissions                     8.95 USD

2023-08-29 * "Buy shares of ITOT"
  Assets:US:ETrade:Cash                          -1005.61 USD
  Assets:US:ETrade:ITOT                                21 ITOT {47.46 USD, 2023-08-29}
  Expenses:Financial:Commissions                     8.95 USD

2023-08-29 * "Buy shares of VHT"
  Assets:US:ETrade:Cash                           -992.23 USD
  Assets:US:ETrade:VHT                                  6 VHT {163.88 USD, 2023-08-29}
  Expenses:Financial:Commissions                     8.95 USD

2023-08-29 * "Buy shares of VEA"
  Assets:US:ETrade:Cash                           -915.70 USD
  Assets:US:ETrade:VEA                                  5 VEA {181.35 USD, 2023-08-29}
  Expenses:Financial:Commissions                     8.95 USD

2023-09-09 * "Sell shares of ITOT"
  Assets:US:ETrade:ITOT                                -6 ITOT {45.18 USD, 2023-04-22} @ 47.58 USD
  Assets:US:ETrade:Cash                            276.53 USD
  Expenses:Financial:Commissions                     8.95 USD
  Income:US:ETrade:PnL                             -14.40 USD

2023-09-18 * "Dividends on portfolio"
  Assets:US:ETrade:Cash                             62.86 USD
  Income:US:ETrade:GLD:Dividend                    -62.86 USD

2023-10-21 * "Buy shares of VEA"
  Assets:US:ETrade:Cash                          -1044.25 USD
  Assets:US:ETrade:VEA                                  6 VEA {172.55 USD, 2023-10-21}
  Expenses:Financial:Commissions                     8.95 USD

2023-10-21 * "Buy shares of GLD"
  Assets:US:ETrade:Cash                          -1032.15 USD
  Assets:US:ETrade:GLD                                  4 GLD {255.80 USD, 2023-10-21}
  Expenses:Financial:Commissions                     8.95 USD

2023-10-21 * "Buy shares of VHT"
  Assets:US:ETrade:Cash                          -1132.31 USD
  Assets:US:ETrade:VHT                                  7 VHT {160.48 USD, 2023-10-21}
  Expenses:Financial:Commissions                     8.95 USD

2023-12-17 * "Dividends on portfolio"
  Assets:US:ETrade:Cash                             75.59 USD
  Income:US:ETrade:GLD:Dividend                    -75.59 USD

2023-12-25 * "Sell shares of VEA"
  Assets:US:ETrade:VEA                                -16 VEA {174.82 USD, 2023-06-25} @ 166.10 USD
  Assets:US:ETrade:Cash                           2648.65 USD
  Expenses:Financial:Commissions                     8.95 USD
  Income:US:ETrade:PnL                             139.52 USD

2024-01-21 * "Buy shares of VHT"
  Assets:US:ETrade:Cash                          -1042.15 USD
  Assets:US:ETrade:VHT                                  6 VHT {172.20 USD, 2024-01-21}
  Expenses:Financial:Commissions                     8.95 USD

2024-01-21 * "Buy shares of VEA"
  Assets:US:ETrade:Cash                           -984.43 USD
  Assets:US:ETrade:VEA                                  6 VEA {162.58 USD, 2024-01-21}
  Expenses:Financial:Commissions                     8.95 USD

2024-01-21 * "Buy shares of ITOT"
  Assets:US:ETrade:Cash                          -1062.94 USD
  Assets:US:ETrade:ITOT                                21 ITOT {50.19 USD, 2024-01-21}
  Expenses:Financial:Commissions                     8.95 USD

2024-01-25 * "Sell shares of VHT"
  Assets:US:ETrade:VHT                                 -7 VHT {160.48 USD, 2023-10-21} @ 172.20 USD
  Assets:US:ETrade:Cash                           1196.45 USD
  Expenses:Financial:Commissions                     8.95 USD
  Income:US:ETrade:PnL                             -82.04 USD

2024-01-30 * "Buy shares of ITOT"
  Assets:US:ETrade:Cash                           -664.28 USD
  Assets:US:ETrade:ITOT                                13 ITOT {50.41 USD, 2024-01-30}
  Expenses:Financial:Commissions                     8.95 USD

2024-01-30 * "Buy shares of GLD"
  Assets:US:ETrade:Cash                           -511.25 USD
  Assets:US:ETrade:GLD                                  2 GLD {251.15 USD, 2024-01-30}
  Expenses:Financial:Commissions                     8.95 USD

2024-03-17 * "Dividends on portfolio"
  Assets:US:ETrade:Cash                             92.47 USD
  Income:US:ETrade:VEA:Dividend                    -92.47 USD

2024-06-17 * "Dividends on portfolio"
  Assets:US:ETrade:Cash                             92.47 USD
  Income:US:ETrade:GLD:Dividend                    -92.47 USD

2024-07-20 * "Buy shares of VEA"
  Assets:US:ETrade:Cash                           -670.63 USD
  Assets:US:ETrade:VEA                                  4 VEA {165.42 USD, 2024-07-20}
  Expenses:Financial:Commissions                     8.95 USD

2024-07-20 * "Buy shares of GLD"
  Assets:US:ETrade:Cash                           -796.54 USD
  Assets:US:ETrade:GLD                                  3 GLD {262.53 USD, 2024-07-20}
  Expenses:Financial:Commissions                     8.95 USD

2024-07-20 * "Buy shares of ITOT"
  Assets:US:ETrade:Cash                           -762.43 USD
  Assets:US:ETrade:ITOT                                14 ITOT {53.82 USD, 2024-07-20}
  Expenses:Financial:Commissions                     8.95 USD

2024-07-20 * "Buy shares of VHT"
  Assets:US:ETrade:Cash                           -744.23 USD
  Assets:US:ETrade:VHT                                  4 VHT {183.82 USD, 2024-07-20}
  Expenses:Financial:Commissions                     8.95 USD

2024-09-15 * "Buy shares of ITOT"
  Assets:US:ETrade:Cash                           -968.71 USD
  Assets:US:ETrade:ITOT                                18 ITOT {53.32 USD, 2024-09-15}
  Expenses:Financial:Commissions                     8.95 USD

2024-09-15 * "Buy shares of VEA"
  Assets:US:ETrade:Cash                           -980.17 USD
  Assets:US:ETrade:VEA                                  6 VEA {161.87 USD, 2024-09-15}
  Expenses:Financial:Commissions                     8.95 USD

2024-09-15 * "Buy shares of GLD"
  Assets:US:ETrade:Cash                           -791.47 USD
  Assets:US:ETrade:GLD                                  3 GLD {260.84 USD, 2024-09-15}
  Expenses:Financial:Commissions                     8.95 USD

2024-09-15 * "Buy shares of VHT"
  Assets:US:ETrade:Cash                           -970.90 USD
  Assets:US:ETrade:VHT                                  5 VHT {192.39 USD, 2024-09-15}
  Expenses:Financial:Commissions                     8.95 USD

2024-09-17 * "Dividends on portfolio"
  Assets:US:ETrade:Cash                            118.92 USD
  Income:US:ETrade:ITOT:Dividend                  -118.92 USD



* Vanguard Investments

2022-01-01 open Assets:US:Vanguard:VBMPX                     VBMPX
  number: "882882"
2022-01-01 open Assets:US:Vanguard:RGAGX                     RGAGX
  number: "882882"
2022-01-01 open Assets:US:Vanguard                            USD
  institution: "Vanguard Group"
  address: "P.O. Box 1110, Valley Forge, PA 19482-1110"
  phone: "+1.800.523.1188"
2022-01-01 open Income:US:Babble:Match401k                   USD
2022-01-01 open Assets:US:Vanguard:Cash                       USD
  number: "882882"

2022-01-07 * "Employer match for contribution"
  Assets:US:Vanguard:Cash                          600.00 USD
  Income:US:Babble:Match401k                      -600.00 USD

2022-01-10 * "Investing 40% of cash in VBMPX"
  Assets:US:Vanguard:VBMPX                          2.492 VBMPX {192.63 USD, 2022-01-10}
  Assets:US:Vanguard:Cash                         -480.03 USD

2022-01-10 * "Investing 60% of cash in RGAGX"
  Assets:US:Vanguard:RGAGX                          7.443 RGAGX {96.73 USD, 2022-01-10}
  Assets:US:Vanguard:Cash                         -719.96 USD

2022-01-10 * "Investing 40% of cash in VBMPX"
  Assets:US:Vanguard:VBMPX                          1.246 VBMPX {192.63 USD, 2022-01-10}
  Assets:US:Vanguard:Cash                         -240.02 USD

2022-01-10 * "Investing 60% of cash in RGAGX"
  Assets:US:Vanguard:RGAGX                          3.722 RGAGX {96.73 USD, 2022-01-10}
  Assets:US:Vanguard:Cash                         -360.03 USD

2022-01-21 * "Employer match for contribution"
  Assets:US:Vanguard:Cash                          600.00 USD
  Income:US:Babble:Match401k                      -600.00 USD

2022-01-24 * "Investing 40% of cash in VBMPX"
  Assets:US:Vanguard:VBMPX                          2.513 VBMPX {191.00 USD, 2022-01-24}
  Assets:US:Vanguard:Cash                         -479.98 USD

2022-01-24 * "Investing 60% of cash in RGAGX"
  Assets:US:Vanguard:RGAGX                          7.493 RGAGX {96.09 USD, 2022-01-24}
  Assets:US:Vanguard:Cash                         -720.00 USD

2022-01-24 * "Investing 40% of cash in VBMPX"
  Assets:US:Vanguard:VBMPX                          1.257 VBMPX {191.00 USD, 2022-01-24}
  Assets:US:Vanguard:Cash                         -240.09 USD

2022-01-24 * "Investing 60% of cash in RGAGX"
  Assets:US:Vanguard:RGAGX                          3.746 RGAGX {96.09 USD, 2022-01-24}
  Assets:US:Vanguard:Cash                         -359.95 USD

2022-02-04 * "Employer match for contribution"
  Assets:US:Vanguard:Cash                          600.00 USD
  Income:US:Babble:Match401k                      -600.00 USD

2022-02-07 * "Investing 40% of cash in VBMPX"
  Assets:US:Vanguard:VBMPX                          2.524 VBMPX {190.17 USD, 2022-02-07}
  Assets:US:Vanguard:Cash                         -479.99 USD

2022-02-07 * "Investing 60% of cash in RGAGX"
  Assets:US:Vanguard:RGAGX                          7.529 RGAGX {95.63 USD, 2022-02-07}
  Assets:US:Vanguard:Cash                         -720.00 USD

2022-02-07 * "Investing 40% of cash in VBMPX"
  Assets:US:Vanguard:VBMPX                          1.262 VBMPX {190.17 USD, 2022-02-07}
  Assets:US:Vanguard:Cash                         -239.99 USD

2022-02-07 * "Investing 60% of cash in RGAGX"
  Assets:US:Vanguard:RGAGX                          3.764 RGAGX {95.63 USD, 2022-02-07}
  Assets:US:Vanguard:Cash                         -359.95 USD

2022-02-18 * "Employer match for contribution"
  Assets:US:Vanguard:Cash                          600.00 USD
  Income:US:Babble:Match401k                      -600.00 USD

2022-02-21 * "Investing 40% of cash in VBMPX"
  Assets:US:Vanguard:VBMPX                          2.529 VBMPX {189.78 USD, 2022-02-21}
  Assets:US:Vanguard:Cash                         -479.95 USD

2022-02-21 * "Investing 60% of cash in RGAGX"
  Assets:US:Vanguard:RGAGX                          7.520 RGAGX {95.75 USD, 2022-02-21}
  Assets:US:Vanguard:Cash                         -720.04 USD

2022-02-21 * "Investing 40% of cash in VBMPX"
  Assets:US:Vanguard:VBMPX                          1.265 VBMPX {189.78 USD, 2022-02-21}
  Assets:US:Vanguard:Cash                         -240.07 USD

2022-02-21 * "Investing 60% of cash in RGAGX"
  Assets:US:Vanguard:RGAGX                          3.760 RGAGX {95.75 USD, 2022-02-21}
  Assets:US:Vanguard:Cash                         -360.02 USD

2022-03-04 * "Employer match for contribution"
  Assets:US:Vanguard:Cash                          600.00 USD
  Income:US:Babble:Match401k                      -600.00 USD

2022-03-07 * "Investing 40% of cash in VBMPX"
  Assets:US:Vanguard:VBMPX                          2.559 VBMPX {187.58 USD, 2022-03-07}
  Assets:US:Vanguard:Cash                         -480.02 USD

2022-03-07 * "Investing 60% of cash in RGAGX"
  Assets:US:Vanguard:RGAGX                          7.536 RGAGX {95.53 USD, 2022-03-07}
  Assets:US:Vanguard:Cash                         -719.91 USD

2022-03-07 * "Investing 40% of cash in VBMPX"
  Assets:US:Vanguard:VBMPX                          1.279 VBMPX {187.58 USD, 2022-03-07}
  Assets:US:Vanguard:Cash                         -239.91 USD

2022-03-07 * "Investing 60% of cash in RGAGX"
  Assets:US:Vanguard:RGAGX                          3.768 RGAGX {95.53 USD, 2022-03-07}
  Assets:US:Vanguard:Cash                         -359.96 USD

2022-03-18 * "Employer match for contribution"
  Assets:US:Vanguard:Cash                          600.00 USD
  Income:US:Babble:Match401k                      -600.00 USD

2022-03-21 * "Investing 40% of cash in VBMPX"
  Assets:US:Vanguard:VBMPX                          2.555 VBMPX {187.91 USD, 2022-03-21}
  Assets:US:Vanguard:Cash                         -480.11 USD

2022-03-21 * "Investing 60% of cash in RGAGX"
  Assets:US:Vanguard:RGAGX                          7.440 RGAGX {96.78 USD, 2022-03-21}
  Assets:US:Vanguard:Cash                         -720.04 USD

2022-03-21 * "Investing 40% of cash in VBMPX"
  Assets:US:Vanguard:VBMPX                          1.277 VBMPX {187.91 USD, 2022-03-21}
  Assets:US:Vanguard:Cash                         -239.96 USD

2022-03-21 * "Investing 60% of cash in RGAGX"
  Assets:US:Vanguard:RGAGX                          3.720 RGAGX {96.78 USD, 2022-03-21}
  Assets:US:Vanguard:Cash                         -360.02 USD

2022-04-01 * "Employer match for contribution"
  Assets:US:Vanguard:Cash                          600.00 USD
  Income:US:Babble:Match401k                      -600.00 USD

2022-04-04 * "Investing 40% of cash in VBMPX"
  Assets:US:Vanguard:VBMPX                          2.571 VBMPX {186.68 USD, 2022-04-04}
  Assets:US:Vanguard:Cash                         -479.95 USD

2022-04-04 * "Investing 60% of cash in RGAGX"
  Assets:US:Vanguard:RGAGX                          7.393 RGAGX {97.39 USD, 2022-04-04}
  Assets:US:Vanguard:Cash                         -720.00 USD

2022-04-04 * "Investing 40% of cash in VBMPX"
  Assets:US:Vanguard:VBMPX                          1.286 VBMPX {186.68 USD, 2022-04-04}
  Assets:US:Vanguard:Cash                         -240.07 USD

2022-04-04 * "Investing 60% of cash in RGAGX"
  Assets:US:Vanguard:RGAGX                          3.697 RGAGX {97.39 USD, 2022-04-04}
  Assets:US:Vanguard:Cash                         -360.05 USD

2022-04-15 * "Employer match for contribution"
  Assets:US:Vanguard:Cash                          600.00 USD
  Income:US:Babble:Match401k                      -600.00 USD

2022-04-18 * "Investing 40% of cash in VBMPX"
  Assets:US:Vanguard:VBMPX                          2.582 VBMPX {185.92 USD, 2022-04-18}
  Assets:US:Vanguard:Cash                         -480.05 USD

2022-04-18 * "Investing 60% of cash in RGAGX"
  Assets:US:Vanguard:RGAGX                          7.386 RGAGX {97.47 USD, 2022-04-18}
  Assets:US:Vanguard:Cash                         -719.91 USD

2022-04-18 * "Investing 40% of cash in VBMPX"
  Assets:US:Vanguard:VBMPX                          1.291 VBMPX {185.92 USD, 2022-04-18}
  Assets:US:Vanguard:Cash                         -240.02 USD

2022-04-18 * "Investing 60% of cash in RGAGX"
  Assets:US:Vanguard:RGAGX                          3.693 RGAGX {97.47 USD, 2022-04-18}
  Assets:US:Vanguard:Cash                         -359.96 USD

2022-04-29 * "Employer match for contribution"
  Assets:US:Vanguard:Cash                          600.00 USD
  Income:US:Babble:Match401k                      -600.00 USD

2022-05-02 * "Investing 40% of cash in VBMPX"
  Assets:US:Vanguard:VBMPX                          2.581 VBMPX {185.98 USD, 2022-05-02}
  Assets:US:Vanguard:Cash                         -480.01 USD

2022-05-02 * "Investing 60% of cash in RGAGX"
  Assets:US:Vanguard:RGAGX                          7.363 RGAGX {97.78 USD, 2022-05-02}
  Assets:US:Vanguard:Cash                         -719.95 USD

2022-05-02 * "Investing 40% of cash in VBMPX"
  Assets:US:Vanguard:VBMPX                          1.291 VBMPX {185.98 USD, 2022-05-02}
  Assets:US:Vanguard:Cash                         -240.10 USD

2022-05-02 * "Investing 60% of cash in RGAGX"
  Assets:US:Vanguard:RGAGX                          3.682 RGAGX {97.78 USD, 2022-05-02}
  Assets:US:Vanguard:Cash                         -360.03 USD

2022-05-13 * "Employer match for contribution"
  Assets:US:Vanguard:Cash                          600.00 USD
  Income:US:Babble:Match401k                      -600.00 USD

2022-05-16 * "Investing 40% of cash in VBMPX"
  Assets:US:Vanguard:VBMPX                          2.562 VBMPX {187.37 USD, 2022-05-16}
  Assets:US:Vanguard:Cash                         -480.04 USD

2022-05-16 * "Investing 60% of cash in RGAGX"
  Assets:US:Vanguard:RGAGX                          7.442 RGAGX {96.74 USD, 2022-05-16}
  Assets:US:Vanguard:Cash                         -719.94 USD

2022-05-16 * "Investing 40% of cash in VBMPX"
  Assets:US:Vanguard:VBMPX                          1.281 VBMPX {187.37 USD, 2022-05-16}
  Assets:US:Vanguard:Cash                         -240.02 USD

2022-05-16 * "Investing 60% of cash in RGAGX"
  Assets:US:Vanguard:RGAGX                          3.721 RGAGX {96.74 USD, 2022-05-16}
  Assets:US:Vanguard:Cash                         -359.97 USD

2022-05-27 * "Employer match for contribution"
  Assets:US:Vanguard:Cash                          600.00 USD
  Income:US:Babble:Match401k                      -600.00 USD

2022-05-30 * "Investing 40% of cash in VBMPX"
  Assets:US:Vanguard:VBMPX                          2.565 VBMPX {187.16 USD, 2022-05-30}
  Assets:US:Vanguard:Cash                         -480.07 USD

2022-05-30 * "Investing 60% of cash in RGAGX"
  Assets:US:Vanguard:RGAGX                          7.368 RGAGX {97.71 USD, 2022-05-30}
  Assets:US:Vanguard:Cash                         -719.93 USD

2022-05-30 * "Investing 40% of cash in VBMPX"
  Assets:US:Vanguard:VBMPX                          1.282 VBMPX {187.16 USD, 2022-05-30}
  Assets:US:Vanguard:Cash                         -239.94 USD

2022-05-30 * "Investing 60% of cash in RGAGX"
  Assets:US:Vanguard:RGAGX                          3.684 RGAGX {97.71 USD, 2022-05-30}
  Assets:US:Vanguard:Cash                         -359.96 USD

2022-06-10 * "Employer match for contribution"
  Assets:US:Vanguard:Cash                          600.00 USD
  Income:US:Babble:Match401k                      -600.00 USD

2022-06-13 * "Investing 40% of cash in VBMPX"
  Assets:US:Vanguard:VBMPX                          2.559 VBMPX {187.55 USD, 2022-06-13}
  Assets:US:Vanguard:Cash                         -479.94 USD

2022-06-13 * "Investing 60% of cash in RGAGX"
  Assets:US:Vanguard:RGAGX                          7.368 RGAGX {97.72 USD, 2022-06-13}
  Assets:US:Vanguard:Cash                         -720.00 USD

2022-06-13 * "Investing 40% of cash in VBMPX"
  Assets:US:Vanguard:VBMPX                          1.280 VBMPX {187.55 USD, 2022-06-13}
  Assets:US:Vanguard:Cash                         -240.06 USD

2022-06-13 * "Investing 60% of cash in RGAGX"
  Assets:US:Vanguard:RGAGX                          3.685 RGAGX {97.72 USD, 2022-06-13}
  Assets:US:Vanguard:Cash                         -360.10 USD

2022-06-24 * "Employer match for contribution"
  Assets:US:Vanguard:Cash                          600.00 USD
  Income:US:Babble:Match401k                      -600.00 USD

2022-06-27 * "Investing 40% of cash in VBMPX"
  Assets:US:Vanguard:VBMPX                          2.581 VBMPX {185.96 USD, 2022-06-27}
  Assets:US:Vanguard:Cash                         -479.96 USD

2022-06-27 * "Investing 60% of cash in RGAGX"
  Assets:US:Vanguard:RGAGX                          7.374 RGAGX {97.63 USD, 2022-06-27}
  Assets:US:Vanguard:Cash                         -719.92 USD

2022-06-27 * "Investing 40% of cash in VBMPX"
  Assets:US:Vanguard:VBMPX                          1.291 VBMPX {185.96 USD, 2022-06-27}
  Assets:US:Vanguard:Cash                         -240.07 USD

2022-06-27 * "Investing 60% of cash in RGAGX"
  Assets:US:Vanguard:RGAGX                          3.688 RGAGX {97.63 USD, 2022-06-27}
  Assets:US:Vanguard:Cash                         -360.06 USD

2022-07-08 * "Employer match for contribution"
  Assets:US:Vanguard:Cash                          600.00 USD
  Income:US:Babble:Match401k                      -600.00 USD

2022-07-11 * "Investing 40% of cash in VBMPX"
  Assets:US:Vanguard:VBMPX                          2.539 VBMPX {189.07 USD, 2022-07-11}
  Assets:US:Vanguard:Cash                         -480.05 USD

2022-07-11 * "Investing 60% of cash in RGAGX"
  Assets:US:Vanguard:RGAGX                          7.252 RGAGX {99.27 USD, 2022-07-11}
  Assets:US:Vanguard:Cash                         -719.91 USD

2022-07-11 * "Investing 40% of cash in VBMPX"
  Assets:US:Vanguard:VBMPX                          1.269 VBMPX {189.07 USD, 2022-07-11}
  Assets:US:Vanguard:Cash                         -239.93 USD

2022-07-11 * "Investing 60% of cash in RGAGX"
  Assets:US:Vanguard:RGAGX                          3.626 RGAGX {99.27 USD, 2022-07-11}
  Assets:US:Vanguard:Cash                         -359.95 USD

2022-07-22 * "Employer match for contribution"
  Assets:US:Vanguard:Cash                          600.00 USD
  Income:US:Babble:Match401k                      -600.00 USD

2022-07-25 * "Investing 40% of cash in VBMPX"
  Assets:US:Vanguard:VBMPX                          2.500 VBMPX {192.01 USD, 2022-07-25}
  Assets:US:Vanguard:Cash                         -480.02 USD

2022-07-25 * "Investing 60% of cash in RGAGX"
  Assets:US:Vanguard:RGAGX                          7.288 RGAGX {98.80 USD, 2022-07-25}
  Assets:US:Vanguard:Cash                         -720.05 USD

2022-07-25 * "Investing 40% of cash in VBMPX"
  Assets:US:Vanguard:VBMPX                          1.250 VBMPX {192.01 USD, 2022-07-25}
  Assets:US:Vanguard:Cash                         -240.01 USD

2022-07-25 * "Investing 60% of cash in RGAGX"
  Assets:US:Vanguard:RGAGX                          3.644 RGAGX {98.80 USD, 2022-07-25}
  Assets:US:Vanguard:Cash                         -360.03 USD

2022-08-05 * "Employer match for contribution"
  Assets:US:Vanguard:Cash                          250.00 USD
  Income:US:Babble:Match401k                      -250.00 USD

2022-08-08 * "Investing 40% of cash in VBMPX"
  Assets:US:Vanguard:VBMPX                          1.054 VBMPX {189.72 USD, 2022-08-08}
  Assets:US:Vanguard:Cash                         -199.96 USD

2022-08-08 * "Investing 60% of cash in RGAGX"
  Assets:US:Vanguard:RGAGX                          3.031 RGAGX {98.98 USD, 2022-08-08}
  Assets:US:Vanguard:Cash                         -300.01 USD

2022-08-08 * "Investing 40% of cash in VBMPX"
  Assets:US:Vanguard:VBMPX                          0.527 VBMPX {189.72 USD, 2022-08-08}
  Assets:US:Vanguard:Cash                          -99.98 USD

2022-08-08 * "Investing 60% of cash in RGAGX"
  Assets:US:Vanguard:RGAGX                          1.515 RGAGX {98.98 USD, 2022-08-08}
  Assets:US:Vanguard:Cash                         -149.95 USD

2023-01-06 * "Employer match for contribution"
  Assets:US:Vanguard:Cash                          600.00 USD
  Income:US:Babble:Match401k                      -600.00 USD

2023-01-09 * "Investing 40% of cash in VBMPX"
  Assets:US:Vanguard:VBMPX                          2.468 VBMPX {194.47 USD, 2023-01-09}
  Assets:US:Vanguard:Cash                         -479.95 USD

2023-01-09 * "Investing 60% of cash in RGAGX"
  Assets:US:Vanguard:RGAGX                          6.804 RGAGX {105.83 USD, 2023-01-09}
  Assets:US:Vanguard:Cash                         -720.07 USD

2023-01-09 * "Investing 40% of cash in VBMPX"
  Assets:US:Vanguard:VBMPX                          1.234 VBMPX {194.47 USD, 2023-01-09}
  Assets:US:Vanguard:Cash                         -239.98 USD

2023-01-09 * "Investing 60% of cash in RGAGX"
  Assets:US:Vanguard:RGAGX                          3.402 RGAGX {105.83 USD, 2023-01-09}
  Assets:US:Vanguard:Cash                         -360.03 USD

2023-01-20 * "Employer match for contribution"
  Assets:US:Vanguard:Cash                          600.00 USD
  Income:US:Babble:Match401k                      -600.00 USD

2023-01-23 * "Investing 40% of cash in VBMPX"
  Assets:US:Vanguard:VBMPX                          2.473 VBMPX {194.10 USD, 2023-01-23}
  Assets:US:Vanguard:Cash                         -480.01 USD

2023-01-23 * "Investing 60% of cash in RGAGX"
  Assets:US:Vanguard:RGAGX                          6.744 RGAGX {106.76 USD, 2023-01-23}
  Assets:US:Vanguard:Cash                         -719.99 USD

2023-01-23 * "Investing 40% of cash in VBMPX"
  Assets:US:Vanguard:VBMPX                          1.237 VBMPX {194.10 USD, 2023-01-23}
  Assets:US:Vanguard:Cash                         -240.10 USD

2023-01-23 * "Investing 60% of cash in RGAGX"
  Assets:US:Vanguard:RGAGX                          3.372 RGAGX {106.76 USD, 2023-01-23}
  Assets:US:Vanguard:Cash                         -359.99 USD

2023-02-03 * "Employer match for contribution"
  Assets:US:Vanguard:Cash                          600.00 USD
  Income:US:Babble:Match401k                      -600.00 USD

2023-02-06 * "Investing 40% of cash in VBMPX"
  Assets:US:Vanguard:VBMPX                          2.492 VBMPX {192.61 USD, 2023-02-06}
  Assets:US:Vanguard:Cash                         -479.98 USD

2023-02-06 * "Investing 60% of cash in RGAGX"
  Assets:US:Vanguard:RGAGX                          6.849 RGAGX {105.12 USD, 2023-02-06}
  Assets:US:Vanguard:Cash                         -719.97 USD

2023-02-06 * "Investing 40% of cash in VBMPX"
  Assets:US:Vanguard:VBMPX                          1.246 VBMPX {192.61 USD, 2023-02-06}
  Assets:US:Vanguard:Cash                         -239.99 USD

2023-02-06 * "Investing 60% of cash in RGAGX"
  Assets:US:Vanguard:RGAGX                          3.425 RGAGX {105.12 USD, 2023-02-06}
  Assets:US:Vanguard:Cash                         -360.04 USD

2023-02-17 * "Employer match for contribution"
  Assets:US:Vanguard:Cash                          600.00 USD
  Income:US:Babble:Match401k                      -600.00 USD

2023-02-20 * "Investing 40% of cash in VBMPX"
  Assets:US:Vanguard:VBMPX                          2.479 VBMPX {193.60 USD, 2023-02-20}
  Assets:US:Vanguard:Cash                         -479.93 USD

2023-02-20 * "Investing 60% of cash in RGAGX"
  Assets:US:Vanguard:RGAGX                          6.704 RGAGX {107.39 USD, 2023-02-20}
  Assets:US:Vanguard:Cash                         -719.94 USD

2023-02-20 * "Investing 40% of cash in VBMPX"
  Assets:US:Vanguard:VBMPX                          1.240 VBMPX {193.60 USD, 2023-02-20}
  Assets:US:Vanguard:Cash                         -240.06 USD

2023-02-20 * "Investing 60% of cash in RGAGX"
  Assets:US:Vanguard:RGAGX                          3.353 RGAGX {107.39 USD, 2023-02-20}
  Assets:US:Vanguard:Cash                         -360.08 USD

2023-03-03 * "Employer match for contribution"
  Assets:US:Vanguard:Cash                          600.00 USD
  Income:US:Babble:Match401k                      -600.00 USD

2023-03-06 * "Investing 40% of cash in VBMPX"
  Assets:US:Vanguard:VBMPX                          2.492 VBMPX {192.61 USD, 2023-03-06}
  Assets:US:Vanguard:Cash                         -479.98 USD

2023-03-06 * "Investing 60% of cash in RGAGX"
  Assets:US:Vanguard:RGAGX                          6.600 RGAGX {109.09 USD, 2023-03-06}
  Assets:US:Vanguard:Cash                         -719.99 USD

2023-03-06 * "Investing 40% of cash in VBMPX"
  Assets:US:Vanguard:VBMPX                          1.246 VBMPX {192.61 USD, 2023-03-06}
  Assets:US:Vanguard:Cash                         -239.99 USD

2023-03-06 * "Investing 60% of cash in RGAGX"
  Assets:US:Vanguard:RGAGX                          3.300 RGAGX {109.09 USD, 2023-03-06}
  Assets:US:Vanguard:Cash                         -360.00 USD

2023-03-17 * "Employer match for contribution"
  Assets:US:Vanguard:Cash                          600.00 USD
  Income:US:Babble:Match401k                      -600.00 USD

2023-03-20 * "Investing 40% of cash in VBMPX"
  Assets:US:Vanguard:VBMPX                          2.521 VBMPX {190.43 USD, 2023-03-20}
  Assets:US:Vanguard:Cash                         -480.07 USD

2023-03-20 * "Investing 60% of cash in RGAGX"
  Assets:US:Vanguard:RGAGX                          6.520 RGAGX {110.43 USD, 2023-03-20}
  Assets:US:Vanguard:Cash                         -720.00 USD

2023-03-20 * "Investing 40% of cash in VBMPX"
  Assets:US:Vanguard:VBMPX                          1.260 VBMPX {190.43 USD, 2023-03-20}
  Assets:US:Vanguard:Cash                         -239.94 USD

2023-03-20 * "Investing 60% of cash in RGAGX"
  Assets:US:Vanguard:RGAGX                          3.260 RGAGX {110.43 USD, 2023-03-20}
  Assets:US:Vanguard:Cash                         -360.00 USD

2023-03-31 * "Employer match for contribution"
  Assets:US:Vanguard:Cash                          600.00 USD
  Income:US:Babble:Match401k                      -600.00 USD

2023-04-03 * "Investing 40% of cash in VBMPX"
  Assets:US:Vanguard:VBMPX                          2.547 VBMPX {188.42 USD, 2023-04-03}
  Assets:US:Vanguard:Cash                         -479.91 USD

2023-04-03 * "Investing 60% of cash in RGAGX"
  Assets:US:Vanguard:RGAGX                          6.642 RGAGX {108.40 USD, 2023-04-03}
  Assets:US:Vanguard:Cash                         -719.99 USD

2023-04-03 * "Investing 40% of cash in VBMPX"
  Assets:US:Vanguard:VBMPX                          1.274 VBMPX {188.42 USD, 2023-04-03}
  Assets:US:Vanguard:Cash                         -240.05 USD

2023-04-03 * "Investing 60% of cash in RGAGX"
  Assets:US:Vanguard:RGAGX                          3.322 RGAGX {108.40 USD, 2023-04-03}
  Assets:US:Vanguard:Cash                         -360.10 USD

2023-04-14 * "Employer match for contribution"
  Assets:US:Vanguard:Cash                          600.00 USD
  Income:US:Babble:Match401k                      -600.00 USD

2023-04-17 * "Investing 40% of cash in VBMPX"
  Assets:US:Vanguard:VBMPX                          2.547 VBMPX {188.46 USD, 2023-04-17}
  Assets:US:Vanguard:Cash                         -480.01 USD

2023-04-17 * "Investing 60% of cash in RGAGX"
  Assets:US:Vanguard:RGAGX                          6.543 RGAGX {110.03 USD, 2023-04-17}
  Assets:US:Vanguard:Cash                         -719.93 USD

2023-04-17 * "Investing 40% of cash in VBMPX"
  Assets:US:Vanguard:VBMPX                          1.273 VBMPX {188.46 USD, 2023-04-17}
  Assets:US:Vanguard:Cash                         -239.91 USD

2023-04-17 * "Investing 60% of cash in RGAGX"
  Assets:US:Vanguard:RGAGX                          3.272 RGAGX {110.03 USD, 2023-04-17}
  Assets:US:Vanguard:Cash                         -360.02 USD

2023-04-28 * "Employer match for contribution"
  Assets:US:Vanguard:Cash                          600.00 USD
  Income:US:Babble:Match401k                      -600.00 USD

2023-05-01 * "Investing 40% of cash in VBMPX"
  Assets:US:Vanguard:VBMPX                          2.588 VBMPX {185.45 USD, 2023-05-01}
  Assets:US:Vanguard:Cash                         -479.94 USD

2023-05-01 * "Investing 60% of cash in RGAGX"
  Assets:US:Vanguard:RGAGX                          6.523 RGAGX {110.39 USD, 2023-05-01}
  Assets:US:Vanguard:Cash                         -720.07 USD

2023-05-01 * "Investing 40% of cash in VBMPX"
  Assets:US:Vanguard:VBMPX                          1.294 VBMPX {185.45 USD, 2023-05-01}
  Assets:US:Vanguard:Cash                         -239.97 USD

2023-05-01 * "Investing 60% of cash in RGAGX"
  Assets:US:Vanguard:RGAGX                          3.261 RGAGX {110.39 USD, 2023-05-01}
  Assets:US:Vanguard:Cash                         -359.98 USD

2023-05-12 * "Employer match for contribution"
  Assets:US:Vanguard:Cash                          600.00 USD
  Income:US:Babble:Match401k                      -600.00 USD

2023-05-15 * "Investing 40% of cash in VBMPX"
  Assets:US:Vanguard:VBMPX                          2.561 VBMPX {187.46 USD, 2023-05-15}
  Assets:US:Vanguard:Cash                         -480.09 USD

2023-05-15 * "Investing 60% of cash in RGAGX"
  Assets:US:Vanguard:RGAGX                          6.519 RGAGX {110.46 USD, 2023-05-15}
  Assets:US:Vanguard:Cash                         -720.09 USD

2023-05-15 * "Investing 40% of cash in VBMPX"
  Assets:US:Vanguard:VBMPX                          1.280 VBMPX {187.46 USD, 2023-05-15}
  Assets:US:Vanguard:Cash                         -239.95 USD

2023-05-15 * "Investing 60% of cash in RGAGX"
  Assets:US:Vanguard:RGAGX                          3.259 RGAGX {110.46 USD, 2023-05-15}
  Assets:US:Vanguard:Cash                         -359.99 USD

2023-05-26 * "Employer match for contribution"
  Assets:US:Vanguard:Cash                          600.00 USD
  Income:US:Babble:Match401k                      -600.00 USD

2023-05-29 * "Investing 40% of cash in VBMPX"
  Assets:US:Vanguard:VBMPX                          2.557 VBMPX {187.71 USD, 2023-05-29}
  Assets:US:Vanguard:Cash                         -479.97 USD

2023-05-29 * "Investing 60% of cash in RGAGX"
  Assets:US:Vanguard:RGAGX                          6.453 RGAGX {111.57 USD, 2023-05-29}
  Assets:US:Vanguard:Cash                         -719.96 USD

2023-05-29 * "Investing 40% of cash in VBMPX"
  Assets:US:Vanguard:VBMPX                          1.279 VBMPX {187.71 USD, 2023-05-29}
  Assets:US:Vanguard:Cash                         -240.08 USD

2023-05-29 * "Investing 60% of cash in RGAGX"
  Assets:US:Vanguard:RGAGX                          3.227 RGAGX {111.57 USD, 2023-05-29}
  Assets:US:Vanguard:Cash                         -360.04 USD

2023-06-09 * "Employer match for contribution"
  Assets:US:Vanguard:Cash                          600.00 USD
  Income:US:Babble:Match401k                      -600.00 USD

2023-06-12 * "Investing 40% of cash in VBMPX"
  Assets:US:Vanguard:VBMPX                          2.594 VBMPX {185.00 USD, 2023-06-12}
  Assets:US:Vanguard:Cash                         -479.89 USD

2023-06-12 * "Investing 60% of cash in RGAGX"
  Assets:US:Vanguard:RGAGX                          6.441 RGAGX {111.77 USD, 2023-06-12}
  Assets:US:Vanguard:Cash                         -719.91 USD

2023-06-12 * "Investing 40% of cash in VBMPX"
  Assets:US:Vanguard:VBMPX                          1.298 VBMPX {185.00 USD, 2023-06-12}
  Assets:US:Vanguard:Cash                         -240.13 USD

2023-06-12 * "Investing 60% of cash in RGAGX"
  Assets:US:Vanguard:RGAGX                          3.222 RGAGX {111.77 USD, 2023-06-12}
  Assets:US:Vanguard:Cash                         -360.12 USD

2023-06-23 * "Employer match for contribution"
  Assets:US:Vanguard:Cash                          600.00 USD
  Income:US:Babble:Match401k                      -600.00 USD

2023-06-26 * "Investing 40% of cash in VBMPX"
  Assets:US:Vanguard:VBMPX                          2.565 VBMPX {187.15 USD, 2023-06-26}
  Assets:US:Vanguard:Cash                         -480.04 USD

2023-06-26 * "Investing 60% of cash in RGAGX"
  Assets:US:Vanguard:RGAGX                          6.213 RGAGX {115.88 USD, 2023-06-26}
  Assets:US:Vanguard:Cash                         -719.96 USD

2023-06-26 * "Investing 40% of cash in VBMPX"
  Assets:US:Vanguard:VBMPX                          1.282 VBMPX {187.15 USD, 2023-06-26}
  Assets:US:Vanguard:Cash                         -239.93 USD

2023-06-26 * "Investing 60% of cash in RGAGX"
  Assets:US:Vanguard:RGAGX                          3.106 RGAGX {115.88 USD, 2023-06-26}
  Assets:US:Vanguard:Cash                         -359.92 USD

2023-07-07 * "Employer match for contribution"
  Assets:US:Vanguard:Cash                          600.00 USD
  Income:US:Babble:Match401k                      -600.00 USD

2023-07-10 * "Investing 40% of cash in VBMPX"
  Assets:US:Vanguard:VBMPX                          2.557 VBMPX {187.76 USD, 2023-07-10}
  Assets:US:Vanguard:Cash                         -480.10 USD

2023-07-10 * "Investing 60% of cash in RGAGX"
  Assets:US:Vanguard:RGAGX                          6.159 RGAGX {116.90 USD, 2023-07-10}
  Assets:US:Vanguard:Cash                         -719.99 USD

2023-07-10 * "Investing 40% of cash in VBMPX"
  Assets:US:Vanguard:VBMPX                          1.278 VBMPX {187.76 USD, 2023-07-10}
  Assets:US:Vanguard:Cash                         -239.96 USD

2023-07-10 * "Investing 60% of cash in RGAGX"
  Assets:US:Vanguard:RGAGX                          3.079 RGAGX {116.90 USD, 2023-07-10}
  Assets:US:Vanguard:Cash                         -359.94 USD

2023-07-21 * "Employer match for contribution"
  Assets:US:Vanguard:Cash                          600.00 USD
  Income:US:Babble:Match401k                      -600.00 USD

2023-07-24 * "Investing 40% of cash in VBMPX"
  Assets:US:Vanguard:VBMPX                          2.596 VBMPX {184.91 USD, 2023-07-24}
  Assets:US:Vanguard:Cash                         -480.03 USD

2023-07-24 * "Investing 60% of cash in RGAGX"
  Assets:US:Vanguard:RGAGX                          6.136 RGAGX {117.34 USD, 2023-07-24}
  Assets:US:Vanguard:Cash                         -720.00 USD

2023-07-24 * "Investing 40% of cash in VBMPX"
  Assets:US:Vanguard:VBMPX                          1.298 VBMPX {184.91 USD, 2023-07-24}
  Assets:US:Vanguard:Cash                         -240.01 USD

2023-07-24 * "Investing 60% of cash in RGAGX"
  Assets:US:Vanguard:RGAGX                          3.068 RGAGX {117.34 USD, 2023-07-24}
  Assets:US:Vanguard:Cash                         -360.00 USD

2023-08-04 * "Employer match for contribution"
  Assets:US:Vanguard:Cash                          250.00 USD
  Income:US:Babble:Match401k                      -250.00 USD

2023-08-07 * "Investing 40% of cash in VBMPX"
  Assets:US:Vanguard:VBMPX                          1.080 VBMPX {185.27 USD, 2023-08-07}
  Assets:US:Vanguard:Cash                         -200.09 USD

2023-08-07 * "Investing 60% of cash in RGAGX"
  Assets:US:Vanguard:RGAGX                          2.506 RGAGX {119.73 USD, 2023-08-07}
  Assets:US:Vanguard:Cash                         -300.04 USD

2023-08-07 * "Investing 40% of cash in VBMPX"
  Assets:US:Vanguard:VBMPX                          0.539 VBMPX {185.27 USD, 2023-08-07}
  Assets:US:Vanguard:Cash                          -99.86 USD

2023-08-07 * "Investing 60% of cash in RGAGX"
  Assets:US:Vanguard:RGAGX                          1.252 RGAGX {119.73 USD, 2023-08-07}
  Assets:US:Vanguard:Cash                         -149.90 USD

2024-01-05 * "Employer match for contribution"
  Assets:US:Vanguard:Cash                          600.00 USD
  Income:US:Babble:Match401k                      -600.00 USD

2024-01-08 * "Investing 40% of cash in VBMPX"
  Assets:US:Vanguard:VBMPX                          2.548 VBMPX {188.37 USD, 2024-01-08}
  Assets:US:Vanguard:Cash                         -479.97 USD

2024-01-08 * "Investing 60% of cash in RGAGX"
  Assets:US:Vanguard:RGAGX                          5.839 RGAGX {123.32 USD, 2024-01-08}
  Assets:US:Vanguard:Cash                         -720.07 USD

2024-01-08 * "Investing 40% of cash in VBMPX"
  Assets:US:Vanguard:VBMPX                          1.274 VBMPX {188.37 USD, 2024-01-08}
  Assets:US:Vanguard:Cash                         -239.98 USD

2024-01-08 * "Investing 60% of cash in RGAGX"
  Assets:US:Vanguard:RGAGX                          2.920 RGAGX {123.32 USD, 2024-01-08}
  Assets:US:Vanguard:Cash                         -360.09 USD

2024-01-19 * "Employer match for contribution"
  Assets:US:Vanguard:Cash                          600.00 USD
  Income:US:Babble:Match401k                      -600.00 USD

2024-01-22 * "Investing 40% of cash in VBMPX"
  Assets:US:Vanguard:VBMPX                          2.590 VBMPX {185.34 USD, 2024-01-22}
  Assets:US:Vanguard:Cash                         -480.03 USD

2024-01-22 * "Investing 60% of cash in RGAGX"
  Assets:US:Vanguard:RGAGX                          5.731 RGAGX {125.64 USD, 2024-01-22}
  Assets:US:Vanguard:Cash                         -720.04 USD

2024-01-22 * "Investing 40% of cash in VBMPX"
  Assets:US:Vanguard:VBMPX                          1.295 VBMPX {185.34 USD, 2024-01-22}
  Assets:US:Vanguard:Cash                         -240.02 USD

2024-01-22 * "Investing 60% of cash in RGAGX"
  Assets:US:Vanguard:RGAGX                          2.865 RGAGX {125.64 USD, 2024-01-22}
  Assets:US:Vanguard:Cash                         -359.96 USD

2024-02-02 * "Employer match for contribution"
  Assets:US:Vanguard:Cash                          600.00 USD
  Income:US:Babble:Match401k                      -600.00 USD

2024-02-05 * "Investing 40% of cash in VBMPX"
  Assets:US:Vanguard:VBMPX                          2.612 VBMPX {183.78 USD, 2024-02-05}
  Assets:US:Vanguard:Cash                         -480.03 USD

2024-02-05 * "Investing 60% of cash in RGAGX"
  Assets:US:Vanguard:RGAGX                          5.587 RGAGX {128.86 USD, 2024-02-05}
  Assets:US:Vanguard:Cash                         -719.94 USD

2024-02-05 * "Investing 40% of cash in VBMPX"
  Assets:US:Vanguard:VBMPX                          1.306 VBMPX {183.78 USD, 2024-02-05}
  Assets:US:Vanguard:Cash                         -240.02 USD

2024-02-05 * "Investing 60% of cash in RGAGX"
  Assets:US:Vanguard:RGAGX                          2.794 RGAGX {128.86 USD, 2024-02-05}
  Assets:US:Vanguard:Cash                         -360.03 USD

2024-02-16 * "Employer match for contribution"
  Assets:US:Vanguard:Cash                          600.00 USD
  Income:US:Babble:Match401k                      -600.00 USD

2024-02-19 * "Investing 40% of cash in VBMPX"
  Assets:US:Vanguard:VBMPX                          2.602 VBMPX {184.44 USD, 2024-02-19}
  Assets:US:Vanguard:Cash                         -479.91 USD

2024-02-19 * "Investing 60% of cash in RGAGX"
  Assets:US:Vanguard:RGAGX                          5.572 RGAGX {129.22 USD, 2024-02-19}
  Assets:US:Vanguard:Cash                         -720.01 USD

2024-02-19 * "Investing 40% of cash in VBMPX"
  Assets:US:Vanguard:VBMPX                          1.301 VBMPX {184.44 USD, 2024-02-19}
  Assets:US:Vanguard:Cash                         -239.96 USD

2024-02-19 * "Investing 60% of cash in RGAGX"
  Assets:US:Vanguard:RGAGX                          2.786 RGAGX {129.22 USD, 2024-02-19}
  Assets:US:Vanguard:Cash                         -360.01 USD

2024-03-01 * "Employer match for contribution"
  Assets:US:Vanguard:Cash                          600.00 USD
  Income:US:Babble:Match401k                      -600.00 USD

2024-03-04 * "Investing 40% of cash in VBMPX"
  Assets:US:Vanguard:VBMPX                          2.574 VBMPX {186.50 USD, 2024-03-04}
  Assets:US:Vanguard:Cash                         -480.05 USD

2024-03-04 * "Investing 60% of cash in RGAGX"
  Assets:US:Vanguard:RGAGX                          5.452 RGAGX {132.07 USD, 2024-03-04}
  Assets:US:Vanguard:Cash                         -720.05 USD

2024-03-04 * "Investing 40% of cash in VBMPX"
  Assets:US:Vanguard:VBMPX                          1.287 VBMPX {186.50 USD, 2024-03-04}
  Assets:US:Vanguard:Cash                         -240.03 USD

2024-03-04 * "Investing 60% of cash in RGAGX"
  Assets:US:Vanguard:RGAGX                          2.726 RGAGX {132.07 USD, 2024-03-04}
  Assets:US:Vanguard:Cash                         -360.02 USD

2024-03-15 * "Employer match for contribution"
  Assets:US:Vanguard:Cash                          600.00 USD
  Income:US:Babble:Match401k                      -600.00 USD

2024-03-18 * "Investing 40% of cash in VBMPX"
  Assets:US:Vanguard:VBMPX                          2.606 VBMPX {184.14 USD, 2024-03-18}
  Assets:US:Vanguard:Cash                         -479.87 USD

2024-03-18 * "Investing 60% of cash in RGAGX"
  Assets:US:Vanguard:RGAGX                          5.466 RGAGX {131.72 USD, 2024-03-18}
  Assets:US:Vanguard:Cash                         -719.98 USD

2024-03-18 * "Investing 40% of cash in VBMPX"
  Assets:US:Vanguard:VBMPX                          1.303 VBMPX {184.14 USD, 2024-03-18}
  Assets:US:Vanguard:Cash                         -239.93 USD

2024-03-18 * "Investing 60% of cash in RGAGX"
  Assets:US:Vanguard:RGAGX                          2.733 RGAGX {131.72 USD, 2024-03-18}
  Assets:US:Vanguard:Cash                         -359.99 USD

2024-03-29 * "Employer match for contribution"
  Assets:US:Vanguard:Cash                          600.00 USD
  Income:US:Babble:Match401k                      -600.00 USD

2024-04-01 * "Investing 40% of cash in VBMPX"
  Assets:US:Vanguard:VBMPX                          2.612 VBMPX {183.76 USD, 2024-04-01}
  Assets:US:Vanguard:Cash                         -479.98 USD

2024-04-01 * "Investing 60% of cash in RGAGX"
  Assets:US:Vanguard:RGAGX                          5.440 RGAGX {132.36 USD, 2024-04-01}
  Assets:US:Vanguard:Cash                         -720.04 USD

2024-04-01 * "Investing 40% of cash in VBMPX"
  Assets:US:Vanguard:VBMPX                          1.306 VBMPX {183.76 USD, 2024-04-01}
  Assets:US:Vanguard:Cash                         -239.99 USD

2024-04-01 * "Investing 60% of cash in RGAGX"
  Assets:US:Vanguard:RGAGX                          2.720 RGAGX {132.36 USD, 2024-04-01}
  Assets:US:Vanguard:Cash                         -360.02 USD

2024-04-12 * "Employer match for contribution"
  Assets:US:Vanguard:Cash                          600.00 USD
  Income:US:Babble:Match401k                      -600.00 USD

2024-04-15 * "Investing 40% of cash in VBMPX"
  Assets:US:Vanguard:VBMPX                          2.626 VBMPX {182.83 USD, 2024-04-15}
  Assets:US:Vanguard:Cash                         -480.11 USD

2024-04-15 * "Investing 60% of cash in RGAGX"
  Assets:US:Vanguard:RGAGX                          5.496 RGAGX {131.01 USD, 2024-04-15}
  Assets:US:Vanguard:Cash                         -720.03 USD

2024-04-15 * "Investing 40% of cash in VBMPX"
  Assets:US:Vanguard:VBMPX                          1.313 VBMPX {182.83 USD, 2024-04-15}
  Assets:US:Vanguard:Cash                         -240.06 USD

2024-04-15 * "Investing 60% of cash in RGAGX"
  Assets:US:Vanguard:RGAGX                          2.748 RGAGX {131.01 USD, 2024-04-15}
  Assets:US:Vanguard:Cash                         -360.02 USD

2024-04-26 * "Employer match for contribution"
  Assets:US:Vanguard:Cash                          600.00 USD
  Income:US:Babble:Match401k                      -600.00 USD

2024-04-29 * "Investing 40% of cash in VBMPX"
  Assets:US:Vanguard:VBMPX                          2.571 VBMPX {186.67 USD, 2024-04-29}
  Assets:US:Vanguard:Cash                         -479.93 USD

2024-04-29 * "Investing 60% of cash in RGAGX"
  Assets:US:Vanguard:RGAGX                          5.462 RGAGX {131.81 USD, 2024-04-29}
  Assets:US:Vanguard:Cash                         -719.95 USD

2024-04-29 * "Investing 40% of cash in VBMPX"
  Assets:US:Vanguard:VBMPX                          1.286 VBMPX {186.67 USD, 2024-04-29}
  Assets:US:Vanguard:Cash                         -240.06 USD

2024-04-29 * "Investing 60% of cash in RGAGX"
  Assets:US:Vanguard:RGAGX                          2.731 RGAGX {131.81 USD, 2024-04-29}
  Assets:US:Vanguard:Cash                         -359.97 USD

2024-05-10 * "Employer match for contribution"
  Assets:US:Vanguard:Cash                          600.00 USD
  Income:US:Babble:Match401k                      -600.00 USD

2024-05-13 * "Investing 40% of cash in VBMPX"
  Assets:US:Vanguard:VBMPX                          2.547 VBMPX {188.45 USD, 2024-05-13}
  Assets:US:Vanguard:Cash                         -479.98 USD

2024-05-13 * "Investing 60% of cash in RGAGX"
  Assets:US:Vanguard:RGAGX                          5.427 RGAGX {132.67 USD, 2024-05-13}
  Assets:US:Vanguard:Cash                         -720.00 USD

2024-05-13 * "Investing 40% of cash in VBMPX"
  Assets:US:Vanguard:VBMPX                          1.274 VBMPX {188.45 USD, 2024-05-13}
  Assets:US:Vanguard:Cash                         -240.09 USD

2024-05-13 * "Investing 60% of cash in RGAGX"
  Assets:US:Vanguard:RGAGX                          2.713 RGAGX {132.67 USD, 2024-05-13}
  Assets:US:Vanguard:Cash                         -359.93 USD

2024-05-24 * "Employer match for contribution"
  Assets:US:Vanguard:Cash                          600.00 USD
  Income:US:Babble:Match401k                      -600.00 USD

2024-05-27 * "Investing 40% of cash in VBMPX"
  Assets:US:Vanguard:VBMPX                          2.564 VBMPX {187.17 USD, 2024-05-27}
  Assets:US:Vanguard:Cash                         -479.90 USD

2024-05-27 * "Investing 60% of cash in RGAGX"
  Assets:US:Vanguard:RGAGX                          5.330 RGAGX {135.08 USD, 2024-05-27}
  Assets:US:Vanguard:Cash                         -719.98 USD

2024-05-27 * "Investing 40% of cash in VBMPX"
  Assets:US:Vanguard:VBMPX                          1.282 VBMPX {187.17 USD, 2024-05-27}
  Assets:US:Vanguard:Cash                         -239.95 USD

2024-05-27 * "Investing 60% of cash in RGAGX"
  Assets:US:Vanguard:RGAGX                          2.665 RGAGX {135.08 USD, 2024-05-27}
  Assets:US:Vanguard:Cash                         -359.99 USD

2024-06-07 * "Employer match for contribution"
  Assets:US:Vanguard:Cash                          600.00 USD
  Income:US:Babble:Match401k                      -600.00 USD

2024-06-10 * "Investing 40% of cash in VBMPX"
  Assets:US:Vanguard:VBMPX                          2.548 VBMPX {188.38 USD, 2024-06-10}
  Assets:US:Vanguard:Cash                         -479.99 USD

2024-06-10 * "Investing 60% of cash in RGAGX"
  Assets:US:Vanguard:RGAGX                          5.338 RGAGX {134.91 USD, 2024-06-10}
  Assets:US:Vanguard:Cash                         -720.15 USD

2024-06-10 * "Investing 40% of cash in VBMPX"
  Assets:US:Vanguard:VBMPX                          1.274 VBMPX {188.38 USD, 2024-06-10}
  Assets:US:Vanguard:Cash                         -240.00 USD

2024-06-10 * "Investing 60% of cash in RGAGX"
  Assets:US:Vanguard:RGAGX                          2.668 RGAGX {134.91 USD, 2024-06-10}
  Assets:US:Vanguard:Cash                         -359.94 USD

2024-06-21 * "Employer match for contribution"
  Assets:US:Vanguard:Cash                          600.00 USD
  Income:US:Babble:Match401k                      -600.00 USD

2024-06-24 * "Investing 40% of cash in VBMPX"
  Assets:US:Vanguard:VBMPX                          2.522 VBMPX {190.30 USD, 2024-06-24}
  Assets:US:Vanguard:Cash                         -479.94 USD

2024-06-24 * "Investing 60% of cash in RGAGX"
  Assets:US:Vanguard:RGAGX                          5.357 RGAGX {134.40 USD, 2024-06-24}
  Assets:US:Vanguard:Cash                         -719.98 USD

2024-06-24 * "Investing 40% of cash in VBMPX"
  Assets:US:Vanguard:VBMPX                          1.261 VBMPX {190.30 USD, 2024-06-24}
  Assets:US:Vanguard:Cash                         -239.97 USD

2024-06-24 * "Investing 60% of cash in RGAGX"
  Assets:US:Vanguard:RGAGX                          2.679 RGAGX {134.40 USD, 2024-06-24}
  Assets:US:Vanguard:Cash                         -360.06 USD

2024-07-05 * "Employer match for contribution"
  Assets:US:Vanguard:Cash                          600.00 USD
  Income:US:Babble:Match401k                      -600.00 USD

2024-07-08 * "Investing 40% of cash in VBMPX"
  Assets:US:Vanguard:VBMPX                          2.563 VBMPX {187.28 USD, 2024-07-08}
  Assets:US:Vanguard:Cash                         -480.00 USD

2024-07-08 * "Investing 60% of cash in RGAGX"
  Assets:US:Vanguard:RGAGX                          5.292 RGAGX {136.07 USD, 2024-07-08}
  Assets:US:Vanguard:Cash                         -720.08 USD

2024-07-08 * "Investing 40% of cash in VBMPX"
  Assets:US:Vanguard:VBMPX                          1.282 VBMPX {187.28 USD, 2024-07-08}
  Assets:US:Vanguard:Cash                         -240.09 USD

2024-07-08 * "Investing 60% of cash in RGAGX"
  Assets:US:Vanguard:RGAGX                          2.646 RGAGX {136.07 USD, 2024-07-08}
  Assets:US:Vanguard:Cash                         -360.04 USD

2024-07-19 * "Employer match for contribution"
  Assets:US:Vanguard:Cash                          600.00 USD
  Income:US:Babble:Match401k                      -600.00 USD

2024-07-22 * "Investing 40% of cash in VBMPX"
  Assets:US:Vanguard:VBMPX                          2.518 VBMPX {190.59 USD, 2024-07-22}
  Assets:US:Vanguard:Cash                         -479.91 USD

2024-07-22 * "Investing 60% of cash in RGAGX"
  Assets:US:Vanguard:RGAGX                          5.151 RGAGX {139.76 USD, 2024-07-22}
  Assets:US:Vanguard:Cash                         -719.90 USD

2024-07-22 * "Investing 40% of cash in VBMPX"
  Assets:US:Vanguard:VBMPX                          1.259 VBMPX {190.59 USD, 2024-07-22}
  Assets:US:Vanguard:Cash                         -239.95 USD

2024-07-22 * "Investing 60% of cash in RGAGX"
  Assets:US:Vanguard:RGAGX                          2.576 RGAGX {139.76 USD, 2024-07-22}
  Assets:US:Vanguard:Cash                         -360.02 USD

2024-08-02 * "Employer match for contribution"
  Assets:US:Vanguard:Cash                          250.00 USD
  Income:US:Babble:Match401k                      -250.00 USD

2024-08-05 * "Investing 40% of cash in VBMPX"
  Assets:US:Vanguard:VBMPX                          1.051 VBMPX {190.37 USD, 2024-08-05}
  Assets:US:Vanguard:Cash                         -200.08 USD

2024-08-05 * "Investing 60% of cash in RGAGX"
  Assets:US:Vanguard:RGAGX                          2.130 RGAGX {140.91 USD, 2024-08-05}
  Assets:US:Vanguard:Cash                         -300.14 USD

2024-08-05 * "Investing 40% of cash in VBMPX"
  Assets:US:Vanguard:VBMPX                          0.525 VBMPX {190.37 USD, 2024-08-05}
  Assets:US:Vanguard:Cash                          -99.94 USD

2024-08-05 * "Investing 60% of cash in RGAGX"
  Assets:US:Vanguard:RGAGX                          1.064 RGAGX {140.91 USD, 2024-08-05}
  Assets:US:Vanguard:Cash                         -149.93 USD



* Sources of Income

2022-01-01 open Income:US:Babble:Salary                      USD
2022-01-01 open Income:US:Babble:GroupTermLife               USD
2022-01-01 open Income:US:Babble:Vacation                    VACHR
2022-01-01 open Assets:US:Babble:Vacation                    VACHR
2022-01-01 open Expenses:Vacation                               VACHR
2022-01-01 open Expenses:Health:Life:GroupTermLife
2022-01-01 open Expenses:Health:Medical:Insurance
2022-01-01 open Expenses:Health:Dental:Insurance
2022-01-01 open Expenses:Health:Vision:Insurance

2022-01-01 event "employer" "Babble, 1 Continuous Loop, Bupertina, CA"

2022-01-06 * "Babble" "Payroll"
  Assets:US:BofA:Checking                         1350.60 USD
  Assets:US:Vanguard:Cash                         1200.00 USD
  Income:US:Babble:Salary                        -4615.38 USD
  Income:US:Babble:GroupTermLife                   -24.32 USD
  Expenses:Health:Life:GroupTermLife                24.32 USD
  Expenses:Health:Dental:Insurance                   2.90 USD
  Expenses:Health:Medical:Insurance                 27.38 USD
  Expenses:Health:Vision:Insurance                  42.30 USD
  Expenses:Taxes:Y2022:US:Medicare                 106.62 USD
  Expenses:Taxes:Y2022:US:Federal                 1062.92 USD
  Expenses:Taxes:Y2022:US:State                    365.08 USD
  Expenses:Taxes:Y2022:US:CityNYC                  174.92 USD
  Expenses:Taxes:Y2022:US:SDI                        1.12 USD
  Expenses:Taxes:Y2022:US:SocSec                   281.54 USD
  Assets:US:Federal:PreTax401k                   -1200.00 IRAUSD
  Expenses:Taxes:Y2022:US:Federal:PreTax401k      1200.00 IRAUSD
  Assets:US:Babble:Vacation                             5 VACHR
  Income:US:Babble:Vacation                            -5 VACHR

2022-01-20 * "Babble" "Payroll"
  Assets:US:BofA:Checking                         1350.60 USD
  Assets:US:Vanguard:Cash                         1200.00 USD
  Income:US:Babble:Salary                        -4615.38 USD
  Income:US:Babble:GroupTermLife                   -24.32 USD
  Expenses:Health:Life:GroupTermLife                24.32 USD
  Expenses:Health:Dental:Insurance                   2.90 USD
  Expenses:Health:Medical:Insurance                 27.38 USD
  Expenses:Health:Vision:Insurance                  42.30 USD
  Expenses:Taxes:Y2022:US:Medicare                 106.62 USD
  Expenses:Taxes:Y2022:US:Federal                 1062.92 USD
  Expenses:Taxes:Y2022:US:State                    365.08 USD
  Expenses:Taxes:Y2022:US:CityNYC                  174.92 USD
  Expenses:Taxes:Y2022:US:SDI                        1.12 USD
  Expenses:Taxes:Y2022:US:SocSec                   281.54 USD
  Assets:US:Federal:PreTax401k                   -1200.00 IRAUSD
  Expenses:Taxes:Y2022:US:Federal:PreTax401k      1200.00 IRAUSD
  Assets:US:Babble:Vacation                             5 VACHR
  Income:US:Babble:Vacation                            -5 VACHR

2022-02-03 * "Babble" "Payroll"
  Assets:US:BofA:Checking                         1350.60 USD
  Assets:US:Vanguard:Cash                         1200.00 USD
  Income:US:Babble:Salary                        -4615.38 USD
  Income:US:Babble:GroupTermLife                   -24.32 USD
  Expenses:Health:Life:GroupTermLife                24.32 USD
  Expenses:Health:Dental:Insurance                   2.90 USD
  Expenses:Health:Medical:Insurance                 27.38 USD
  Expenses:Health:Vision:Insurance                  42.30 USD
  Expenses:Taxes:Y2022:US:Medicare                 106.62 USD
  Expenses:Taxes:Y2022:US:Federal                 1062.92 USD
  Expenses:Taxes:Y2022:US:State                    365.08 USD
  Expenses:Taxes:Y2022:US:CityNYC                  174.92 USD
  Expenses:Taxes:Y2022:US:SDI                        1.12 USD
  Expenses:Taxes:Y2022:US:SocSec                   281.54 USD
  Assets:US:Federal:PreTax401k                   -1200.00 IRAUSD
  Expenses:Taxes:Y2022:US:Federal:PreTax401k      1200.00 IRAUSD
  Assets:US:Babble:Vacation                             5 VACHR
  Income:US:Babble:Vacation                            -5 VACHR

2022-02-17 * "Babble" "Payroll"
  Assets:US:BofA:Checking                         1350.60 USD
  Assets:US:Vanguard:Cash                         1200.00 USD
  Income:US:Babble:Salary                        -4615.38 USD
  Income:US:Babble:GroupTermLife                   -24.32 USD
  Expenses:Health:Life:GroupTermLife                24.32 USD
  Expenses:Health:Dental:Insurance                   2.90 USD
  Expenses:Health:Medical:Insurance                 27.38 USD
  Expenses:Health:Vision:Insurance                  42.30 USD
  Expenses:Taxes:Y2022:US:Medicare                 106.62 USD
  Expenses:Taxes:Y2022:US:Federal                 1062.92 USD
  Expenses:Taxes:Y2022:US:State                    365.08 USD
  Expenses:Taxes:Y2022:US:CityNYC                  174.92 USD
  Expenses:Taxes:Y2022:US:SDI                        1.12 USD
  Expenses:Taxes:Y2022:US:SocSec                   281.54 USD
  Assets:US:Federal:PreTax401k                   -1200.00 IRAUSD
  Expenses:Taxes:Y2022:US:Federal:PreTax401k      1200.00 IRAUSD
  Assets:US:Babble:Vacation                             5 VACHR
  Income:US:Babble:Vacation                            -5 VACHR

2022-03-03 * "Babble" "Payroll"
  Assets:US:BofA:Checking                         1350.60 USD
  Assets:US:Vanguard:Cash                         1200.00 USD
  Income:US:Babble:Salary                        -4615.38 USD
  Income:US:Babble:GroupTermLife                   -24.32 USD
  Expenses:Health:Life:GroupTermLife                24.32 USD
  Expenses:Health:Dental:Insurance                   2.90 USD
  Expenses:Health:Medical:Insurance                 27.38 USD
  Expenses:Health:Vision:Insurance                  42.30 USD
  Expenses:Taxes:Y2022:US:Medicare                 106.62 USD
  Expenses:Taxes:Y2022:US:Federal                 1062.92 USD
  Expenses:Taxes:Y2022:US:State                    365.08 USD
  Expenses:Taxes:Y2022:US:CityNYC                  174.92 USD
  Expenses:Taxes:Y2022:US:SDI                        1.12 USD
  Expenses:Taxes:Y2022:US:SocSec                   281.54 USD
  Assets:US:Federal:PreTax401k                   -1200.00 IRAUSD
  Expenses:Taxes:Y2022:US:Federal:PreTax401k      1200.00 IRAUSD
  Assets:US:Babble:Vacation                             5 VACHR
  Income:US:Babble:Vacation                            -5 VACHR

2022-03-17 * "Babble" "Payroll"
  Assets:US:BofA:Checking                         1350.60 USD
  Assets:US:Vanguard:Cash                         1200.00 USD
  Income:US:Babble:Salary                        -4615.38 USD
  Income:US:Babble:GroupTermLife                   -24.32 USD
  Expenses:Health:Life:GroupTermLife                24.32 USD
  Expenses:Health:Dental:Insurance                   2.90 USD
  Expenses:Health:Medical:Insurance                 27.38 USD
  Expenses:Health:Vision:Insurance                  42.30 USD
  Expenses:Taxes:Y2022:US:Medicare                 106.62 USD
  Expenses:Taxes:Y2022:US:Federal                 1062.92 USD
  Expenses:Taxes:Y2022:US:State                    365.08 USD
  Expenses:Taxes:Y2022:US:CityNYC                  174.92 USD
  Expenses:Taxes:Y2022:US:SDI                        1.12 USD
  Expenses:Taxes:Y2022:US:SocSec                   281.54 USD
  Assets:US:Federal:PreTax401k                   -1200.00 IRAUSD
  Expenses:Taxes:Y2022:US:Federal:PreTax401k      1200.00 IRAUSD
  Assets:US:Babble:Vacation                             5 VACHR
  Income:US:Babble:Vacation                            -5 VACHR

2022-03-31 * "Babble" "Payroll"
  Assets:US:BofA:Checking                         1350.60 USD
  Assets:US:Vanguard:Cash                         1200.00 USD
  Income:US:Babble:Salary                        -4615.38 USD
  Income:US:Babble:GroupTermLife                   -24.32 USD
  Expenses:Health:Life:GroupTermLife                24.32 USD
  Expenses:Health:Dental:Insurance                   2.90 USD
  Expenses:Health:Medical:Insurance                 27.38 USD
  Expenses:Health:Vision:Insurance                  42.30 USD
  Expenses:Taxes:Y2022:US:Medicare                 106.62 USD
  Expenses:Taxes:Y2022:US:Federal                 1062.92 USD
  Expenses:Taxes:Y2022:US:State                    365.08 USD
  Expenses:Taxes:Y2022:US:CityNYC                  174.92 USD
  Expenses:Taxes:Y2022:US:SDI                        1.12 USD
  Expenses:Taxes:Y2022:US:SocSec                   281.54 USD
  Assets:US:Federal:PreTax401k                   -1200.00 IRAUSD
  Expenses:Taxes:Y2022:US:Federal:PreTax401k      1200.00 IRAUSD
  Assets:US:Babble:Vacation                             5 VACHR
  Income:US:Babble:Vacation                            -5 VACHR

2022-04-14 * "Babble" "Payroll"
  Assets:US:BofA:Checking                         1350.60 USD
  Assets:US:Vanguard:Cash                         1200.00 USD
  Income:US:Babble:Salary                        -4615.38 USD
  Income:US:Babble:GroupTermLife                   -24.32 USD
  Expenses:Health:Life:GroupTermLife                24.32 USD
  Expenses:Health:Dental:Insurance                   2.90 USD
  Expenses:Health:Medical:Insurance                 27.38 USD
  Expenses:Health:Vision:Insurance                  42.30 USD
  Expenses:Taxes:Y2022:US:Medicare                 106.62 USD
  Expenses:Taxes:Y2022:US:Federal                 1062.92 USD
  Expenses:Taxes:Y2022:US:State                    365.08 USD
  Expenses:Taxes:Y2022:US:CityNYC                  174.92 USD
  Expenses:Taxes:Y2022:US:SDI                        1.12 USD
  Expenses:Taxes:Y2022:US:SocSec                   281.54 USD
  Assets:US:Federal:PreTax401k                   -1200.00 IRAUSD
  Expenses:Taxes:Y2022:US:Federal:PreTax401k      1200.00 IRAUSD
  Assets:US:Babble:Vacation                             5 VACHR
  Income:US:Babble:Vacation                            -5 VACHR

2022-04-28 * "Babble" "Payroll"
  Assets:US:BofA:Checking                         1350.60 USD
  Assets:US:Vanguard:Cash                         1200.00 USD
  Income:US:Babble:Salary                        -4615.38 USD
  Income:US:Babble:GroupTermLife                   -24.32 USD
  Expenses:Health:Life:GroupTermLife                24.32 USD
  Expenses:Health:Dental:Insurance                   2.90 USD
  Expenses:Health:Medical:Insurance                 27.38 USD
  Expenses:Health:Vision:Insurance                  42.30 USD
  Expenses:Taxes:Y2022:US:Medicare                 106.62 USD
  Expenses:Taxes:Y2022:US:Federal                 1062.92 USD
  Expenses:Taxes:Y2022:US:State                    365.08 USD
  Expenses:Taxes:Y2022:US:CityNYC                  174.92 USD
  Expenses:Taxes:Y2022:US:SDI                        1.12 USD
  Expenses:Taxes:Y2022:US:SocSec                   281.54 USD
  Assets:US:Federal:PreTax401k                   -1200.00 IRAUSD
  Expenses:Taxes:Y2022:US:Federal:PreTax401k      1200.00 IRAUSD
  Assets:US:Babble:Vacation                             5 VACHR
  Income:US:Babble:Vacation                            -5 VACHR

2022-05-12 * "Babble" "Payroll"
  Assets:US:BofA:Checking                         1350.60 USD
  Assets:US:Vanguard:Cash                         1200.00 USD
  Income:US:Babble:Salary                        -4615.38 USD
  Income:US:Babble:GroupTermLife                   -24.32 USD
  Expenses:Health:Life:GroupTermLife                24.32 USD
  Expenses:Health:Dental:Insurance                   2.90 USD
  Expenses:Health:Medical:Insurance                 27.38 USD
  Expenses:Health:Vision:Insurance                  42.30 USD
  Expenses:Taxes:Y2022:US:Medicare                 106.62 USD
  Expenses:Taxes:Y2022:US:Federal                 1062.92 USD
  Expenses:Taxes:Y2022:US:State                    365.08 USD
  Expenses:Taxes:Y2022:US:CityNYC                  174.92 USD
  Expenses:Taxes:Y2022:US:SDI                        1.12 USD
  Expenses:Taxes:Y2022:US:SocSec                   281.54 USD
  Assets:US:Federal:PreTax401k                   -1200.00 IRAUSD
  Expenses:Taxes:Y2022:US:Federal:PreTax401k      1200.00 IRAUSD
  Assets:US:Babble:Vacation                             5 VACHR
  Income:US:Babble:Vacation                            -5 VACHR

2022-05-26 * "Babble" "Payroll"
  Assets:US:BofA:Checking                         1350.60 USD
  Assets:US:Vanguard:Cash                         1200.00 USD
  Income:US:Babble:Salary                        -4615.38 USD
  Income:US:Babble:GroupTermLife                   -24.32 USD
  Expenses:Health:Life:GroupTermLife                24.32 USD
  Expenses:Health:Dental:Insurance                   2.90 USD
  Expenses:Health:Medical:Insurance                 27.38 USD
  Expenses:Health:Vision:Insurance                  42.30 USD
  Expenses:Taxes:Y2022:US:Medicare                 106.62 USD
  Expenses:Taxes:Y2022:US:Federal                 1062.92 USD
  Expenses:Taxes:Y2022:US:State                    365.08 USD
  Expenses:Taxes:Y2022:US:CityNYC                  174.92 USD
  Expenses:Taxes:Y2022:US:SDI                        1.12 USD
  Expenses:Taxes:Y2022:US:SocSec                   281.54 USD
  Assets:US:Federal:PreTax401k                   -1200.00 IRAUSD
  Expenses:Taxes:Y2022:US:Federal:PreTax401k      1200.00 IRAUSD
  Assets:US:Babble:Vacation                             5 VACHR
  Income:US:Babble:Vacation                            -5 VACHR

2022-06-09 * "Babble" "Payroll"
  Assets:US:BofA:Checking                         1350.60 USD
  Assets:US:Vanguard:Cash                         1200.00 USD
  Income:US:Babble:Salary                        -4615.38 USD
  Income:US:Babble:GroupTermLife                   -24.32 USD
  Expenses:Health:Life:GroupTermLife                24.32 USD
  Expenses:Health:Dental:Insurance                   2.90 USD
  Expenses:Health:Medical:Insurance                 27.38 USD
  Expenses:Health:Vision:Insurance                  42.30 USD
  Expenses:Taxes:Y2022:US:Medicare                 106.62 USD
  Expenses:Taxes:Y2022:US:Federal                 1062.92 USD
  Expenses:Taxes:Y2022:US:State                    365.08 USD
  Expenses:Taxes:Y2022:US:CityNYC                  174.92 USD
  Expenses:Taxes:Y2022:US:SDI                        1.12 USD
  Expenses:Taxes:Y2022:US:SocSec                   281.54 USD
  Assets:US:Federal:PreTax401k                   -1200.00 IRAUSD
  Expenses:Taxes:Y2022:US:Federal:PreTax401k      1200.00 IRAUSD
  Assets:US:Babble:Vacation                             5 VACHR
  Income:US:Babble:Vacation                            -5 VACHR

2022-06-23 * "Babble" "Payroll"
  Assets:US:BofA:Checking                         1350.60 USD
  Assets:US:Vanguard:Cash                         1200.00 USD
  Income:US:Babble:Salary                        -4615.38 USD
  Income:US:Babble:GroupTermLife                   -24.32 USD
  Expenses:Health:Life:GroupTermLife                24.32 USD
  Expenses:Health:Dental:Insurance                   2.90 USD
  Expenses:Health:Medical:Insurance                 27.38 USD
  Expenses:Health:Vision:Insurance                  42.30 USD
  Expenses:Taxes:Y2022:US:Medicare                 106.62 USD
  Expenses:Taxes:Y2022:US:Federal                 1062.92 USD
  Expenses:Taxes:Y2022:US:State                    365.08 USD
  Expenses:Taxes:Y2022:US:CityNYC                  174.92 USD
  Expenses:Taxes:Y2022:US:SDI                        1.12 USD
  Expenses:Taxes:Y2022:US:SocSec                   281.54 USD
  Assets:US:Federal:PreTax401k                   -1200.00 IRAUSD
  Expenses:Taxes:Y2022:US:Federal:PreTax401k      1200.00 IRAUSD
  Assets:US:Babble:Vacation                             5 VACHR
  Income:US:Babble:Vacation                            -5 VACHR

2022-07-07 * "Babble" "Payroll"
  Assets:US:BofA:Checking                         1350.60 USD
  Assets:US:Vanguard:Cash                         1200.00 USD
  Income:US:Babble:Salary                        -4615.38 USD
  Income:US:Babble:GroupTermLife                   -24.32 USD
  Expenses:Health:Life:GroupTermLife                24.32 USD
  Expenses:Health:Dental:Insurance                   2.90 USD
  Expenses:Health:Medical:Insurance                 27.38 USD
  Expenses:Health:Vision:Insurance                  42.30 USD
  Expenses:Taxes:Y2022:US:Medicare                 106.62 USD
  Expenses:Taxes:Y2022:US:Federal                 1062.92 USD
  Expenses:Taxes:Y2022:US:State                    365.08 USD
  Expenses:Taxes:Y2022:US:CityNYC                  174.92 USD
  Expenses:Taxes:Y2022:US:SDI                        1.12 USD
  Expenses:Taxes:Y2022:US:SocSec                   281.54 USD
  Assets:US:Federal:PreTax401k                   -1200.00 IRAUSD
  Expenses:Taxes:Y2022:US:Federal:PreTax401k      1200.00 IRAUSD
  Assets:US:Babble:Vacation                             5 VACHR
  Income:US:Babble:Vacation                            -5 VACHR

2022-07-21 * "Babble" "Payroll"
  Assets:US:BofA:Checking                         1350.60 USD
  Assets:US:Vanguard:Cash                         1200.00 USD
  Income:US:Babble:Salary                        -4615.38 USD
  Income:US:Babble:GroupTermLife                   -24.32 USD
  Expenses:Health:Life:GroupTermLife                24.32 USD
  Expenses:Health:Dental:Insurance                   2.90 USD
  Expenses:Health:Medical:Insurance                 27.38 USD
  Expenses:Health:Vision:Insurance                  42.30 USD
  Expenses:Taxes:Y2022:US:Medicare                 106.62 USD
  Expenses:Taxes:Y2022:US:Federal                 1062.92 USD
  Expenses:Taxes:Y2022:US:State                    365.08 USD
  Expenses:Taxes:Y2022:US:CityNYC                  174.92 USD
  Expenses:Taxes:Y2022:US:SDI                        1.12 USD
  Expenses:Taxes:Y2022:US:SocSec                   281.54 USD
  Assets:US:Federal:PreTax401k                   -1200.00 IRAUSD
  Expenses:Taxes:Y2022:US:Federal:PreTax401k      1200.00 IRAUSD
  Assets:US:Babble:Vacation                             5 VACHR
  Income:US:Babble:Vacation                            -5 VACHR

2022-08-04 * "Babble" "Payroll"
  Assets:US:BofA:Checking                         2050.60 USD
  Assets:US:Vanguard:Cash                          500.00 USD
  Income:US:Babble:Salary                        -4615.38 USD
  Income:US:Babble:GroupTermLife                   -24.32 USD
  Expenses:Health:Life:GroupTermLife                24.32 USD
  Expenses:Health:Dental:Insurance                   2.90 USD
  Expenses:Health:Medical:Insurance                 27.38 USD
  Expenses:Health:Vision:Insurance                  42.30 USD
  Expenses:Taxes:Y2022:US:Medicare                 106.62 USD
  Expenses:Taxes:Y2022:US:Federal                 1062.92 USD
  Expenses:Taxes:Y2022:US:State                    365.08 USD
  Expenses:Taxes:Y2022:US:CityNYC                  174.92 USD
  Expenses:Taxes:Y2022:US:SDI                        1.12 USD
  Expenses:Taxes:Y2022:US:SocSec                   281.54 USD
  Assets:US:Federal:PreTax401k                    -500.00 IRAUSD
  Expenses:Taxes:Y2022:US:Federal:PreTax401k       500.00 IRAUSD
  Assets:US:Babble:Vacation                             5 VACHR
  Income:US:Babble:Vacation                            -5 VACHR

2022-08-18 * "Babble" "Payroll"
  Assets:US:BofA:Checking                         2550.60 USD
  Income:US:Babble:Salary                        -4615.38 USD
  Income:US:Babble:GroupTermLife                   -24.32 USD
  Expenses:Health:Life:GroupTermLife                24.32 USD
  Expenses:Health:Dental:Insurance                   2.90 USD
  Expenses:Health:Medical:Insurance                 27.38 USD
  Expenses:Health:Vision:Insurance                  42.30 USD
  Expenses:Taxes:Y2022:US:Medicare                 106.62 USD
  Expenses:Taxes:Y2022:US:Federal                 1062.92 USD
  Expenses:Taxes:Y2022:US:State                    365.08 USD
  Expenses:Taxes:Y2022:US:CityNYC                  174.92 USD
  Expenses:Taxes:Y2022:US:SDI                        1.12 USD
  Expenses:Taxes:Y2022:US:SocSec                   281.54 USD
  Assets:US:Babble:Vacation                             5 VACHR
  Income:US:Babble:Vacation                            -5 VACHR

2022-09-01 * "Babble" "Payroll"
  Assets:US:BofA:Checking                         2550.60 USD
  Income:US:Babble:Salary                        -4615.38 USD
  Income:US:Babble:GroupTermLife                   -24.32 USD
  Expenses:Health:Life:GroupTermLife                24.32 USD
  Expenses:Health:Dental:Insurance                   2.90 USD
  Expenses:Health:Medical:Insurance                 27.38 USD
  Expenses:Health:Vision:Insurance                  42.30 USD
  Expenses:Taxes:Y2022:US:Medicare                 106.62 USD
  Expenses:Taxes:Y2022:US:Federal                 1062.92 USD
  Expenses:Taxes:Y2022:US:State                    365.08 USD
  Expenses:Taxes:Y2022:US:CityNYC                  174.92 USD
  Expenses:Taxes:Y2022:US:SDI                        1.12 USD
  Expenses:Taxes:Y2022:US:SocSec                   281.54 USD
  Assets:US:Babble:Vacation                             5 VACHR
  Income:US:Babble:Vacation                            -5 VACHR

2022-09-15 * "Babble" "Payroll"
  Assets:US:BofA:Checking                         2550.60 USD
  Income:US:Babble:Salary                        -4615.38 USD
  Income:US:Babble:GroupTermLife                   -24.32 USD
  Expenses:Health:Life:GroupTermLife                24.32 USD
  Expenses:Health:Dental:Insurance                   2.90 USD
  Expenses:Health:Medical:Insurance                 27.38 USD
  Expenses:Health:Vision:Insurance                  42.30 USD
  Expenses:Taxes:Y2022:US:Medicare                 106.62 USD
  Expenses:Taxes:Y2022:US:Federal                 1062.92 USD
  Expenses:Taxes:Y2022:US:State                    365.08 USD
  Expenses:Taxes:Y2022:US:CityNYC                  174.92 USD
  Expenses:Taxes:Y2022:US:SDI                        1.12 USD
  Expenses:Taxes:Y2022:US:SocSec                   281.54 USD
  Assets:US:Babble:Vacation                             5 VACHR
  Income:US:Babble:Vacation                            -5 VACHR

2022-09-29 * "Babble" "Payroll"
  Assets:US:BofA:Checking                         2550.60 USD
  Income:US:Babble:Salary                        -4615.38 USD
  Income:US:Babble:GroupTermLife                   -24.32 USD
  Expenses:Health:Life:GroupTermLife                24.32 USD
  Expenses:Health:Dental:Insurance                   2.90 USD
  Expenses:Health:Medical:Insurance                 27.38 USD
  Expenses:Health:Vision:Insurance                  42.30 USD
  Expenses:Taxes:Y2022:US:Medicare                 106.62 USD
  Expenses:Taxes:Y2022:US:Federal                 1062.92 USD
  Expenses:Taxes:Y2022:US:State                    365.08 USD
  Expenses:Taxes:Y2022:US:CityNYC                  174.92 USD
  Expenses:Taxes:Y2022:US:SDI                        1.12 USD
  Expenses:Taxes:Y2022:US:SocSec                   281.54 USD
  Assets:US:Babble:Vacation                             5 VACHR
  Income:US:Babble:Vacation                            -5 VACHR

2022-10-13 * "Babble" "Payroll"
  Assets:US:BofA:Checking                         2550.60 USD
  Income:US:Babble:Salary                        -4615.38 USD
  Income:US:Babble:GroupTermLife                   -24.32 USD
  Expenses:Health:Life:GroupTermLife                24.32 USD
  Expenses:Health:Dental:Insurance                   2.90 USD
  Expenses:Health:Medical:Insurance                 27.38 USD
  Expenses:Health:Vision:Insurance                  42.30 USD
  Expenses:Taxes:Y2022:US:Medicare                 106.62 USD
  Expenses:Taxes:Y2022:US:Federal                 1062.92 USD
  Expenses:Taxes:Y2022:US:State                    365.08 USD
  Expenses:Taxes:Y2022:US:CityNYC                  174.92 USD
  Expenses:Taxes:Y2022:US:SDI                        1.12 USD
  Expenses:Taxes:Y2022:US:SocSec                   281.54 USD
  Assets:US:Babble:Vacation                             5 VACHR
  Income:US:Babble:Vacation                            -5 VACHR

2022-10-27 * "Babble" "Payroll"
  Assets:US:BofA:Checking                         2550.60 USD
  Income:US:Babble:Salary                        -4615.38 USD
  Income:US:Babble:GroupTermLife                   -24.32 USD
  Expenses:Health:Life:GroupTermLife                24.32 USD
  Expenses:Health:Dental:Insurance                   2.90 USD
  Expenses:Health:Medical:Insurance                 27.38 USD
  Expenses:Health:Vision:Insurance                  42.30 USD
  Expenses:Taxes:Y2022:US:Medicare                 106.62 USD
  Expenses:Taxes:Y2022:US:Federal                 1062.92 USD
  Expenses:Taxes:Y2022:US:State                    365.08 USD
  Expenses:Taxes:Y2022:US:CityNYC                  174.92 USD
  Expenses:Taxes:Y2022:US:SDI                        1.12 USD
  Expenses:Taxes:Y2022:US:SocSec                   281.54 USD
  Assets:US:Babble:Vacation                             5 VACHR
  Income:US:Babble:Vacation                            -5 VACHR

2022-11-10 * "Babble" "Payroll"
  Assets:US:BofA:Checking                         2550.60 USD
  Income:US:Babble:Salary                        -4615.38 USD
  Income:US:Babble:GroupTermLife                   -24.32 USD
  Expenses:Health:Life:GroupTermLife                24.32 USD
  Expenses:Health:Dental:Insurance                   2.90 USD
  Expenses:Health:Medical:Insurance                 27.38 USD
  Expenses:Health:Vision:Insurance                  42.30 USD
  Expenses:Taxes:Y2022:US:Medicare                 106.62 USD
  Expenses:Taxes:Y2022:US:Federal                 1062.92 USD
  Expenses:Taxes:Y2022:US:State                    365.08 USD
  Expenses:Taxes:Y2022:US:CityNYC                  174.92 USD
  Expenses:Taxes:Y2022:US:SDI                        1.12 USD
  Expenses:Taxes:Y2022:US:SocSec                   281.54 USD
  Assets:US:Babble:Vacation                             5 VACHR
  Income:US:Babble:Vacation                            -5 VACHR

2022-11-24 * "Babble" "Payroll"
  Assets:US:BofA:Checking                         2550.60 USD
  Income:US:Babble:Salary                        -4615.38 USD
  Income:US:Babble:GroupTermLife                   -24.32 USD
  Expenses:Health:Life:GroupTermLife                24.32 USD
  Expenses:Health:Dental:Insurance                   2.90 USD
  Expenses:Health:Medical:Insurance                 27.38 USD
  Expenses:Health:Vision:Insurance                  42.30 USD
  Expenses:Taxes:Y2022:US:Medicare                 106.62 USD
  Expenses:Taxes:Y2022:US:Federal                 1062.92 USD
  Expenses:Taxes:Y2022:US:State                    365.08 USD
  Expenses:Taxes:Y2022:US:CityNYC                  174.92 USD
  Expenses:Taxes:Y2022:US:SDI                        1.12 USD
  Expenses:Taxes:Y2022:US:SocSec                   281.54 USD
  Assets:US:Babble:Vacation                             5 VACHR
  Income:US:Babble:Vacation                            -5 VACHR

2022-12-08 * "Babble" "Payroll"
  Assets:US:BofA:Checking                         2589.06 USD
  Income:US:Babble:Salary                        -4615.38 USD
  Income:US:Babble:GroupTermLife                   -24.32 USD
  Expenses:Health:Life:GroupTermLife                24.32 USD
  Expenses:Health:Dental:Insurance                   2.90 USD
  Expenses:Health:Medical:Insurance                 27.38 USD
  Expenses:Health:Vision:Insurance                  42.30 USD
  Expenses:Taxes:Y2022:US:Medicare                 106.62 USD
  Expenses:Taxes:Y2022:US:Federal                 1062.92 USD
  Expenses:Taxes:Y2022:US:State                    365.08 USD
  Expenses:Taxes:Y2022:US:CityNYC                  174.92 USD
  Expenses:Taxes:Y2022:US:SDI                        1.12 USD
  Expenses:Taxes:Y2022:US:SocSec                   243.08 USD
  Assets:US:Babble:Vacation                             5 VACHR
  Income:US:Babble:Vacation                            -5 VACHR

2022-12-22 * "Babble" "Payroll"
  Assets:US:BofA:Checking                         2832.14 USD
  Income:US:Babble:Salary                        -4615.38 USD
  Income:US:Babble:GroupTermLife                   -24.32 USD
  Expenses:Health:Life:GroupTermLife                24.32 USD
  Expenses:Health:Dental:Insurance                   2.90 USD
  Expenses:Health:Medical:Insurance                 27.38 USD
  Expenses:Health:Vision:Insurance                  42.30 USD
  Expenses:Taxes:Y2022:US:Medicare                 106.62 USD
  Expenses:Taxes:Y2022:US:Federal                 1062.92 USD
  Expenses:Taxes:Y2022:US:State                    365.08 USD
  Expenses:Taxes:Y2022:US:CityNYC                  174.92 USD
  Expenses:Taxes:Y2022:US:SDI                        1.12 USD
  Expenses:Taxes:Y2022:US:SocSec                     0.00 USD
  Assets:US:Babble:Vacation                             5 VACHR
  Income:US:Babble:Vacation                            -5 VACHR

2023-01-05 * "Babble" "Payroll"
  Assets:US:BofA:Checking                         1350.60 USD
  Assets:US:Vanguard:Cash                         1200.00 USD
  Income:US:Babble:Salary                        -4615.38 USD
  Income:US:Babble:GroupTermLife                   -24.32 USD
  Expenses:Health:Life:GroupTermLife                24.32 USD
  Expenses:Health:Dental:Insurance                   2.90 USD
  Expenses:Health:Medical:Insurance                 27.38 USD
  Expenses:Health:Vision:Insurance                  42.30 USD
  Expenses:Taxes:Y2023:US:Medicare                 106.62 USD
  Expenses:Taxes:Y2023:US:Federal                 1062.92 USD
  Expenses:Taxes:Y2023:US:State                    365.08 USD
  Expenses:Taxes:Y2023:US:CityNYC                  174.92 USD
  Expenses:Taxes:Y2023:US:SDI                        1.12 USD
  Expenses:Taxes:Y2023:US:SocSec                   281.54 USD
  Assets:US:Federal:PreTax401k                   -1200.00 IRAUSD
  Expenses:Taxes:Y2023:US:Federal:PreTax401k      1200.00 IRAUSD
  Assets:US:Babble:Vacation                             5 VACHR
  Income:US:Babble:Vacation                            -5 VACHR

2023-01-19 * "Babble" "Payroll"
  Assets:US:BofA:Checking                         1350.60 USD
  Assets:US:Vanguard:Cash                         1200.00 USD
  Income:US:Babble:Salary                        -4615.38 USD
  Income:US:Babble:GroupTermLife                   -24.32 USD
  Expenses:Health:Life:GroupTermLife                24.32 USD
  Expenses:Health:Dental:Insurance                   2.90 USD
  Expenses:Health:Medical:Insurance                 27.38 USD
  Expenses:Health:Vision:Insurance                  42.30 USD
  Expenses:Taxes:Y2023:US:Medicare                 106.62 USD
  Expenses:Taxes:Y2023:US:Federal                 1062.92 USD
  Expenses:Taxes:Y2023:US:State                    365.08 USD
  Expenses:Taxes:Y2023:US:CityNYC                  174.92 USD
  Expenses:Taxes:Y2023:US:SDI                        1.12 USD
  Expenses:Taxes:Y2023:US:SocSec                   281.54 USD
  Assets:US:Federal:PreTax401k                   -1200.00 IRAUSD
  Expenses:Taxes:Y2023:US:Federal:PreTax401k      1200.00 IRAUSD
  Assets:US:Babble:Vacation                             5 VACHR
  Income:US:Babble:Vacation                            -5 VACHR

2023-02-02 * "Babble" "Payroll"
  Assets:US:BofA:Checking                         1350.60 USD
  Assets:US:Vanguard:Cash                         1200.00 USD
  Income:US:Babble:Salary                        -4615.38 USD
  Income:US:Babble:GroupTermLife                   -24.32 USD
  Expenses:Health:Life:GroupTermLife                24.32 USD
  Expenses:Health:Dental:Insurance                   2.90 USD
  Expenses:Health:Medical:Insurance                 27.38 USD
  Expenses:Health:Vision:Insurance                  42.30 USD
  Expenses:Taxes:Y2023:US:Medicare                 106.62 USD
  Expenses:Taxes:Y2023:US:Federal                 1062.92 USD
  Expenses:Taxes:Y2023:US:State                    365.08 USD
  Expenses:Taxes:Y2023:US:CityNYC                  174.92 USD
  Expenses:Taxes:Y2023:US:SDI                        1.12 USD
  Expenses:Taxes:Y2023:US:SocSec                   281.54 USD
  Assets:US:Federal:PreTax401k                   -1200.00 IRAUSD
  Expenses:Taxes:Y2023:US:Federal:PreTax401k      1200.00 IRAUSD
  Assets:US:Babble:Vacation                             5 VACHR
  Income:US:Babble:Vacation                            -5 VACHR

2023-02-16 * "Babble" "Payroll"
  Assets:US:BofA:Checking                         1350.60 USD
  Assets:US:Vanguard:Cash                         1200.00 USD
  Income:US:Babble:Salary                        -4615.38 USD
  Income:US:Babble:GroupTermLife                   -24.32 USD
  Expenses:Health:Life:GroupTermLife                24.32 USD
  Expenses:Health:Dental:Insurance                   2.90 USD
  Expenses:Health:Medical:Insurance                 27.38 USD
  Expenses:Health:Vision:Insurance                  42.30 USD
  Expenses:Taxes:Y2023:US:Medicare                 106.62 USD
  Expenses:Taxes:Y2023:US:Federal                 1062.92 USD
  Expenses:Taxes:Y2023:US:State                    365.08 USD
  Expenses:Taxes:Y2023:US:CityNYC                  174.92 USD
  Expenses:Taxes:Y2023:US:SDI                        1.12 USD
  Expenses:Taxes:Y2023:US:SocSec                   281.54 USD
  Assets:US:Federal:PreTax401k                   -1200.00 IRAUSD
  Expenses:Taxes:Y2023:US:Federal:PreTax401k      1200.00 IRAUSD
  Assets:US:Babble:Vacation                             5 VACHR
  Income:US:Babble:Vacation                            -5 VACHR

2023-03-02 * "Babble" "Payroll"
  Assets:US:BofA:Checking                         1350.60 USD
  Assets:US:Vanguard:Cash                         1200.00 USD
  Income:US:Babble:Salary                        -4615.38 USD
  Income:US:Babble:GroupTermLife                   -24.32 USD
  Expenses:Health:Life:GroupTermLife                24.32 USD
  Expenses:Health:Dental:Insurance                   2.90 USD
  Expenses:Health:Medical:Insurance                 27.38 USD
  Expenses:Health:Vision:Insurance                  42.30 USD
  Expenses:Taxes:Y2023:US:Medicare                 106.62 USD
  Expenses:Taxes:Y2023:US:Federal                 1062.92 USD
  Expenses:Taxes:Y2023:US:State                    365.08 USD
  Expenses:Taxes:Y2023:US:CityNYC                  174.92 USD
  Expenses:Taxes:Y2023:US:SDI                        1.12 USD
  Expenses:Taxes:Y2023:US:SocSec                   281.54 USD
  Assets:US:Federal:PreTax401k                   -1200.00 IRAUSD
  Expenses:Taxes:Y2023:US:Federal:PreTax401k      1200.00 IRAUSD
  Assets:US:Babble:Vacation                             5 VACHR
  Income:US:Babble:Vacation                            -5 VACHR

2023-03-16 * "Babble" "Payroll"
  Assets:US:BofA:Checking                         1350.60 USD
  Assets:US:Vanguard:Cash                         1200.00 USD
  Income:US:Babble:Salary                        -4615.38 USD
  Income:US:Babble:GroupTermLife                   -24.32 USD
  Expenses:Health:Life:GroupTermLife                24.32 USD
  Expenses:Health:Dental:Insurance                   2.90 USD
  Expenses:Health:Medical:Insurance                 27.38 USD
  Expenses:Health:Vision:Insurance                  42.30 USD
  Expenses:Taxes:Y2023:US:Medicare                 106.62 USD
  Expenses:Taxes:Y2023:US:Federal                 1062.92 USD
  Expenses:Taxes:Y2023:US:State                    365.08 USD
  Expenses:Taxes:Y2023:US:CityNYC                  174.92 USD
  Expenses:Taxes:Y2023:US:SDI                        1.12 USD
  Expenses:Taxes:Y2023:US:SocSec                   281.54 USD
  Assets:US:Federal:PreTax401k                   -1200.00 IRAUSD
  Expenses:Taxes:Y2023:US:Federal:PreTax401k      1200.00 IRAUSD
  Assets:US:Babble:Vacation                             5 VACHR
  Income:US:Babble:Vacation                            -5 VACHR

2023-03-30 * "Babble" "Payroll"
  Assets:US:BofA:Checking                         1350.60 USD
  Assets:US:Vanguard:Cash                         1200.00 USD
  Income:US:Babble:Salary                        -4615.38 USD
  Income:US:Babble:GroupTermLife                   -24.32 USD
  Expenses:Health:Life:GroupTermLife                24.32 USD
  Expenses:Health:Dental:Insurance                   2.90 USD
  Expenses:Health:Medical:Insurance                 27.38 USD
  Expenses:Health:Vision:Insurance                  42.30 USD
  Expenses:Taxes:Y2023:US:Medicare                 106.62 USD
  Expenses:Taxes:Y2023:US:Federal                 1062.92 USD
  Expenses:Taxes:Y2023:US:State                    365.08 USD
  Expenses:Taxes:Y2023:US:CityNYC                  174.92 USD
  Expenses:Taxes:Y2023:US:SDI                        1.12 USD
  Expenses:Taxes:Y2023:US:SocSec                   281.54 USD
  Assets:US:Federal:PreTax401k                   -1200.00 IRAUSD
  Expenses:Taxes:Y2023:US:Federal:PreTax401k      1200.00 IRAUSD
  Assets:US:Babble:Vacation                             5 VACHR
  Income:US:Babble:Vacation                            -5 VACHR

2023-04-13 * "Babble" "Payroll"
  Assets:US:BofA:Checking                         1350.60 USD
  Assets:US:Vanguard:Cash                         1200.00 USD
  Income:US:Babble:Salary                        -4615.38 USD
  Income:US:Babble:GroupTermLife                   -24.32 USD
  Expenses:Health:Life:GroupTermLife                24.32 USD
  Expenses:Health:Dental:Insurance                   2.90 USD
  Expenses:Health:Medical:Insurance                 27.38 USD
  Expenses:Health:Vision:Insurance                  42.30 USD
  Expenses:Taxes:Y2023:US:Medicare                 106.62 USD
  Expenses:Taxes:Y2023:US:Federal                 1062.92 USD
  Expenses:Taxes:Y2023:US:State                    365.08 USD
  Expenses:Taxes:Y2023:US:CityNYC                  174.92 USD
  Expenses:Taxes:Y2023:US:SDI                        1.12 USD
  Expenses:Taxes:Y2023:US:SocSec                   281.54 USD
  Assets:US:Federal:PreTax401k                   -1200.00 IRAUSD
  Expenses:Taxes:Y2023:US:Federal:PreTax401k      1200.00 IRAUSD
  Assets:US:Babble:Vacation                             5 VACHR
  Income:US:Babble:Vacation                            -5 VACHR

2023-04-27 * "Babble" "Payroll"
  Assets:US:BofA:Checking                         1350.60 USD
  Assets:US:Vanguard:Cash                         1200.00 USD
  Income:US:Babble:Salary                        -4615.38 USD
  Income:US:Babble:GroupTermLife                   -24.32 USD
  Expenses:Health:Life:GroupTermLife                24.32 USD
  Expenses:Health:Dental:Insurance                   2.90 USD
  Expenses:Health:Medical:Insurance                 27.38 USD
  Expenses:Health:Vision:Insurance                  42.30 USD
  Expenses:Taxes:Y2023:US:Medicare                 106.62 USD
  Expenses:Taxes:Y2023:US:Federal                 1062.92 USD
  Expenses:Taxes:Y2023:US:State                    365.08 USD
  Expenses:Taxes:Y2023:US:CityNYC                  174.92 USD
  Expenses:Taxes:Y2023:US:SDI                        1.12 USD
  Expenses:Taxes:Y2023:US:SocSec                   281.54 USD
  Assets:US:Federal:PreTax401k                   -1200.00 IRAUSD
  Expenses:Taxes:Y2023:US:Federal:PreTax401k      1200.00 IRAUSD
  Assets:US:Babble:Vacation                             5 VACHR
  Income:US:Babble:Vacation                            -5 VACHR

2023-05-11 * "Babble" "Payroll"
  Assets:US:BofA:Checking                         1350.60 USD
  Assets:US:Vanguard:Cash                         1200.00 USD
  Income:US:Babble:Salary                        -4615.38 USD
  Income:US:Babble:GroupTermLife                   -24.32 USD
  Expenses:Health:Life:GroupTermLife                24.32 USD
  Expenses:Health:Dental:Insurance                   2.90 USD
  Expenses:Health:Medical:Insurance                 27.38 USD
  Expenses:Health:Vision:Insurance                  42.30 USD
  Expenses:Taxes:Y2023:US:Medicare                 106.62 USD
  Expenses:Taxes:Y2023:US:Federal                 1062.92 USD
  Expenses:Taxes:Y2023:US:State                    365.08 USD
  Expenses:Taxes:Y2023:US:CityNYC                  174.92 USD
  Expenses:Taxes:Y2023:US:SDI                        1.12 USD
  Expenses:Taxes:Y2023:US:SocSec                   281.54 USD
  Assets:US:Federal:PreTax401k                   -1200.00 IRAUSD
  Expenses:Taxes:Y2023:US:Federal:PreTax401k      1200.00 IRAUSD
  Assets:US:Babble:Vacation                             5 VACHR
  Income:US:Babble:Vacation                            -5 VACHR

2023-05-25 * "Babble" "Payroll"
  Assets:US:BofA:Checking                         1350.60 USD
  Assets:US:Vanguard:Cash                         1200.00 USD
  Income:US:Babble:Salary                        -4615.38 USD
  Income:US:Babble:GroupTermLife                   -24.32 USD
  Expenses:Health:Life:GroupTermLife                24.32 USD
  Expenses:Health:Dental:Insurance                   2.90 USD
  Expenses:Health:Medical:Insurance                 27.38 USD
  Expenses:Health:Vision:Insurance                  42.30 USD
  Expenses:Taxes:Y2023:US:Medicare                 106.62 USD
  Expenses:Taxes:Y2023:US:Federal                 1062.92 USD
  Expenses:Taxes:Y2023:US:State                    365.08 USD
  Expenses:Taxes:Y2023:US:CityNYC                  174.92 USD
  Expenses:Taxes:Y2023:US:SDI                        1.12 USD
  Expenses:Taxes:Y2023:US:SocSec                   281.54 USD
  Assets:US:Federal:PreTax401k                   -1200.00 IRAUSD
  Expenses:Taxes:Y2023:US:Federal:PreTax401k      1200.00 IRAUSD
  Assets:US:Babble:Vacation                             5 VACHR
  Income:US:Babble:Vacation                            -5 VACHR

2023-06-08 * "Babble" "Payroll"
  Assets:US:BofA:Checking                         1350.60 USD
  Assets:US:Vanguard:Cash                         1200.00 USD
  Income:US:Babble:Salary                        -4615.38 USD
  Income:US:Babble:GroupTermLife                   -24.32 USD
  Expenses:Health:Life:GroupTermLife                24.32 USD
  Expenses:Health:Dental:Insurance                   2.90 USD
  Expenses:Health:Medical:Insurance                 27.38 USD
  Expenses:Health:Vision:Insurance                  42.30 USD
  Expenses:Taxes:Y2023:US:Medicare                 106.62 USD
  Expenses:Taxes:Y2023:US:Federal                 1062.92 USD
  Expenses:Taxes:Y2023:US:State                    365.08 USD
  Expenses:Taxes:Y2023:US:CityNYC                  174.92 USD
  Expenses:Taxes:Y2023:US:SDI                        1.12 USD
  Expenses:Taxes:Y2023:US:SocSec                   281.54 USD
  Assets:US:Federal:PreTax401k                   -1200.00 IRAUSD
  Expenses:Taxes:Y2023:US:Federal:PreTax401k      1200.00 IRAUSD
  Assets:US:Babble:Vacation                             5 VACHR
  Income:US:Babble:Vacation                            -5 VACHR

2023-06-22 * "Babble" "Payroll"
  Assets:US:BofA:Checking                         1350.60 USD
  Assets:US:Vanguard:Cash                         1200.00 USD
  Income:US:Babble:Salary                        -4615.38 USD
  Income:US:Babble:GroupTermLife                   -24.32 USD
  Expenses:Health:Life:GroupTermLife                24.32 USD
  Expenses:Health:Dental:Insurance                   2.90 USD
  Expenses:Health:Medical:Insurance                 27.38 USD
  Expenses:Health:Vision:Insurance                  42.30 USD
  Expenses:Taxes:Y2023:US:Medicare                 106.62 USD
  Expenses:Taxes:Y2023:US:Federal                 1062.92 USD
  Expenses:Taxes:Y2023:US:State                    365.08 USD
  Expenses:Taxes:Y2023:US:CityNYC                  174.92 USD
  Expenses:Taxes:Y2023:US:SDI                        1.12 USD
  Expenses:Taxes:Y2023:US:SocSec                   281.54 USD
  Assets:US:Federal:PreTax401k                   -1200.00 IRAUSD
  Expenses:Taxes:Y2023:US:Federal:PreTax401k      1200.00 IRAUSD
  Assets:US:Babble:Vacation                             5 VACHR
  Income:US:Babble:Vacation                            -5 VACHR

2023-07-06 * "Babble" "Payroll"
  Assets:US:BofA:Checking                         1350.60 USD
  Assets:US:Vanguard:Cash                         1200.00 USD
  Income:US:Babble:Salary                        -4615.38 USD
  Income:US:Babble:GroupTermLife                   -24.32 USD
  Expenses:Health:Life:GroupTermLife                24.32 USD
  Expenses:Health:Dental:Insurance                   2.90 USD
  Expenses:Health:Medical:Insurance                 27.38 USD
  Expenses:Health:Vision:Insurance                  42.30 USD
  Expenses:Taxes:Y2023:US:Medicare                 106.62 USD
  Expenses:Taxes:Y2023:US:Federal                 1062.92 USD
  Expenses:Taxes:Y2023:US:State                    365.08 USD
  Expenses:Taxes:Y2023:US:CityNYC                  174.92 USD
  Expenses:Taxes:Y2023:US:SDI                        1.12 USD
  Expenses:Taxes:Y2023:US:SocSec                   281.54 USD
  Assets:US:Federal:PreTax401k                   -1200.00 IRAUSD
  Expenses:Taxes:Y2023:US:Federal:PreTax401k      1200.00 IRAUSD
  Assets:US:Babble:Vacation                             5 VACHR
  Income:US:Babble:Vacation                            -5 VACHR

2023-07-20 * "Babble" "Payroll"
  Assets:US:BofA:Checking                         1350.60 USD
  Assets:US:Vanguard:Cash                         1200.00 USD
  Income:US:Babble:Salary                        -4615.38 USD
  Income:US:Babble:GroupTermLife                   -24.32 USD
  Expenses:Health:Life:GroupTermLife                24.32 USD
  Expenses:Health:Dental:Insurance                   2.90 USD
  Expenses:Health:Medical:Insurance                 27.38 USD
  Expenses:Health:Vision:Insurance                  42.30 USD
  Expenses:Taxes:Y2023:US:Medicare                 106.62 USD
  Expenses:Taxes:Y2023:US:Federal                 1062.92 USD
  Expenses:Taxes:Y2023:US:State                    365.08 USD
  Expenses:Taxes:Y2023:US:CityNYC                  174.92 USD
  Expenses:Taxes:Y2023:US:SDI                        1.12 USD
  Expenses:Taxes:Y2023:US:SocSec                   281.54 USD
  Assets:US:Federal:PreTax401k                   -1200.00 IRAUSD
  Expenses:Taxes:Y2023:US:Federal:PreTax401k      1200.00 IRAUSD
  Assets:US:Babble:Vacation                             5 VACHR
  Income:US:Babble:Vacation                            -5 VACHR

2023-08-03 * "Babble" "Payroll"
  Assets:US:BofA:Checking                         2050.60 USD
  Assets:US:Vanguard:Cash                          500.00 USD
  Income:US:Babble:Salary                        -4615.38 USD
  Income:US:Babble:GroupTermLife                   -24.32 USD
  Expenses:Health:Life:GroupTermLife                24.32 USD
  Expenses:Health:Dental:Insurance                   2.90 USD
  Expenses:Health:Medical:Insurance                 27.38 USD
  Expenses:Health:Vision:Insurance                  42.30 USD
  Expenses:Taxes:Y2023:US:Medicare                 106.62 USD
  Expenses:Taxes:Y2023:US:Federal                 1062.92 USD
  Expenses:Taxes:Y2023:US:State                    365.08 USD
  Expenses:Taxes:Y2023:US:CityNYC                  174.92 USD
  Expenses:Taxes:Y2023:US:SDI                        1.12 USD
  Expenses:Taxes:Y2023:US:SocSec                   281.54 USD
  Assets:US:Federal:PreTax401k                    -500.00 IRAUSD
  Expenses:Taxes:Y2023:US:Federal:PreTax401k       500.00 IRAUSD
  Assets:US:Babble:Vacation                             5 VACHR
  Income:US:Babble:Vacation                            -5 VACHR

2023-08-17 * "Babble" "Payroll"
  Assets:US:BofA:Checking                         2550.60 USD
  Income:US:Babble:Salary                        -4615.38 USD
  Income:US:Babble:GroupTermLife                   -24.32 USD
  Expenses:Health:Life:GroupTermLife                24.32 USD
  Expenses:Health:Dental:Insurance                   2.90 USD
  Expenses:Health:Medical:Insurance                 27.38 USD
  Expenses:Health:Vision:Insurance                  42.30 USD
  Expenses:Taxes:Y2023:US:Medicare                 106.62 USD
  Expenses:Taxes:Y2023:US:Federal                 1062.92 USD
  Expenses:Taxes:Y2023:US:State                    365.08 USD
  Expenses:Taxes:Y2023:US:CityNYC                  174.92 USD
  Expenses:Taxes:Y2023:US:SDI                        1.12 USD
  Expenses:Taxes:Y2023:US:SocSec                   281.54 USD
  Assets:US:Babble:Vacation                             5 VACHR
  Income:US:Babble:Vacation                            -5 VACHR

2023-08-31 * "Babble" "Payroll"
  Assets:US:BofA:Checking                         2550.60 USD
  Income:US:Babble:Salary                        -4615.38 USD
  Income:US:Babble:GroupTermLife                   -24.32 USD
  Expenses:Health:Life:GroupTermLife                24.32 USD
  Expenses:Health:Dental:Insurance                   2.90 USD
  Expenses:Health:Medical:Insurance                 27.38 USD
  Expenses:Health:Vision:Insurance                  42.30 USD
  Expenses:Taxes:Y2023:US:Medicare                 106.62 USD
  Expenses:Taxes:Y2023:US:Federal                 1062.92 USD
  Expenses:Taxes:Y2023:US:State                    365.08 USD
  Expenses:Taxes:Y2023:US:CityNYC                  174.92 USD
  Expenses:Taxes:Y2023:US:SDI                        1.12 USD
  Expenses:Taxes:Y2023:US:SocSec                   281.54 USD
  Assets:US:Babble:Vacation                             5 VACHR
  Income:US:Babble:Vacation                            -5 VACHR

2023-09-14 * "Babble" "Payroll"
  Assets:US:BofA:Checking                         2550.60 USD
  Income:US:Babble:Salary                        -4615.38 USD
  Income:US:Babble:GroupTermLife                   -24.32 USD
  Expenses:Health:Life:GroupTermLife                24.32 USD
  Expenses:Health:Dental:Insurance                   2.90 USD
  Expenses:Health:Medical:Insurance                 27.38 USD
  Expenses:Health:Vision:Insurance                  42.30 USD
  Expenses:Taxes:Y2023:US:Medicare                 106.62 USD
  Expenses:Taxes:Y2023:US:Federal                 1062.92 USD
  Expenses:Taxes:Y2023:US:State                    365.08 USD
  Expenses:Taxes:Y2023:US:CityNYC                  174.92 USD
  Expenses:Taxes:Y2023:US:SDI                        1.12 USD
  Expenses:Taxes:Y2023:US:SocSec                   281.54 USD
  Assets:US:Babble:Vacation                             5 VACHR
  Income:US:Babble:Vacation                            -5 VACHR

2023-09-28 * "Babble" "Payroll"
  Assets:US:BofA:Checking                         2550.60 USD
  Income:US:Babble:Salary                        -4615.38 USD
  Income:US:Babble:GroupTermLife                   -24.32 USD
  Expenses:Health:Life:GroupTermLife                24.32 USD
  Expenses:Health:Dental:Insurance                   2.90 USD
  Expenses:Health:Medical:Insurance                 27.38 USD
  Expenses:Health:Vision:Insurance                  42.30 USD
  Expenses:Taxes:Y2023:US:Medicare                 106.62 USD
  Expenses:Taxes:Y2023:US:Federal                 1062.92 USD
  Expenses:Taxes:Y2023:US:State                    365.08 USD
  Expenses:Taxes:Y2023:US:CityNYC                  174.92 USD
  Expenses:Taxes:Y2023:US:SDI                        1.12 USD
  Expenses:Taxes:Y2023:US:SocSec                   281.54 USD
  Assets:US:Babble:Vacation                             5 VACHR
  Income:US:Babble:Vacation                            -5 VACHR

2023-10-12 * "Babble" "Payroll"
  Assets:US:BofA:Checking                         2550.60 USD
  Income:US:Babble:Salary                        -4615.38 USD
  Income:US:Babble:GroupTermLife                   -24.32 USD
  Expenses:Health:Life:GroupTermLife                24.32 USD
  Expenses:Health:Dental:Insurance                   2.90 USD
  Expenses:Health:Medical:Insurance                 27.38 USD
  Expenses:Health:Vision:Insurance                  42.30 USD
  Expenses:Taxes:Y2023:US:Medicare                 106.62 USD
  Expenses:Taxes:Y2023:US:Federal                 1062.92 USD
  Expenses:Taxes:Y2023:US:State                    365.08 USD
  Expenses:Taxes:Y2023:US:CityNYC                  174.92 USD
  Expenses:Taxes:Y2023:US:SDI                        1.12 USD
  Expenses:Taxes:Y2023:US:SocSec                   281.54 USD
  Assets:US:Babble:Vacation                             5 VACHR
  Income:US:Babble:Vacation                            -5 VACHR

2023-10-26 * "Babble" "Payroll"
  Assets:US:BofA:Checking                         2550.60 USD
  Income:US:Babble:Salary                        -4615.38 USD
  Income:US:Babble:GroupTermLife                   -24.32 USD
  Expenses:Health:Life:GroupTermLife                24.32 USD
  Expenses:Health:Dental:Insurance                   2.90 USD
  Expenses:Health:Medical:Insurance                 27.38 USD
  Expenses:Health:Vision:Insurance                  42.30 USD
  Expenses:Taxes:Y2023:US:Medicare                 106.62 USD
  Expenses:Taxes:Y2023:US:Federal                 1062.92 USD
  Expenses:Taxes:Y2023:US:State                    365.08 USD
  Expenses:Taxes:Y2023:US:CityNYC                  174.92 USD
  Expenses:Taxes:Y2023:US:SDI                        1.12 USD
  Expenses:Taxes:Y2023:US:SocSec                   281.54 USD
  Assets:US:Babble:Vacation                             5 VACHR
  Income:US:Babble:Vacation                            -5 VACHR

2023-11-09 * "Babble" "Payroll"
  Assets:US:BofA:Checking                         2550.60 USD
  Income:US:Babble:Salary                        -4615.38 USD
  Income:US:Babble:GroupTermLife                   -24.32 USD
  Expenses:Health:Life:GroupTermLife                24.32 USD
  Expenses:Health:Dental:Insurance                   2.90 USD
  Expenses:Health:Medical:Insurance                 27.38 USD
  Expenses:Health:Vision:Insurance                  42.30 USD
  Expenses:Taxes:Y2023:US:Medicare                 106.62 USD
  Expenses:Taxes:Y2023:US:Federal                 1062.92 USD
  Expenses:Taxes:Y2023:US:State                    365.08 USD
  Expenses:Taxes:Y2023:US:CityNYC                  174.92 USD
  Expenses:Taxes:Y2023:US:SDI                        1.12 USD
  Expenses:Taxes:Y2023:US:SocSec                   281.54 USD
  Assets:US:Babble:Vacation                             5 VACHR
  Income:US:Babble:Vacation                            -5 VACHR

2023-11-23 * "Babble" "Payroll"
  Assets:US:BofA:Checking                         2550.60 USD
  Income:US:Babble:Salary                        -4615.38 USD
  Income:US:Babble:GroupTermLife                   -24.32 USD
  Expenses:Health:Life:GroupTermLife                24.32 USD
  Expenses:Health:Dental:Insurance                   2.90 USD
  Expenses:Health:Medical:Insurance                 27.38 USD
  Expenses:Health:Vision:Insurance                  42.30 USD
  Expenses:Taxes:Y2023:US:Medicare                 106.62 USD
  Expenses:Taxes:Y2023:US:Federal                 1062.92 USD
  Expenses:Taxes:Y2023:US:State                    365.08 USD
  Expenses:Taxes:Y2023:US:CityNYC                  174.92 USD
  Expenses:Taxes:Y2023:US:SDI                        1.12 USD
  Expenses:Taxes:Y2023:US:SocSec                   281.54 USD
  Assets:US:Babble:Vacation                             5 VACHR
  Income:US:Babble:Vacation                            -5 VACHR

2023-12-07 * "Babble" "Payroll"
  Assets:US:BofA:Checking                         2589.06 USD
  Income:US:Babble:Salary                        -4615.38 USD
  Income:US:Babble:GroupTermLife                   -24.32 USD
  Expenses:Health:Life:GroupTermLife                24.32 USD
  Expenses:Health:Dental:Insurance                   2.90 USD
  Expenses:Health:Medical:Insurance                 27.38 USD
  Expenses:Health:Vision:Insurance                  42.30 USD
  Expenses:Taxes:Y2023:US:Medicare                 106.62 USD
  Expenses:Taxes:Y2023:US:Federal                 1062.92 USD
  Expenses:Taxes:Y2023:US:State                    365.08 USD
  Expenses:Taxes:Y2023:US:CityNYC                  174.92 USD
  Expenses:Taxes:Y2023:US:SDI                        1.12 USD
  Expenses:Taxes:Y2023:US:SocSec                   243.08 USD
  Assets:US:Babble:Vacation                             5 VACHR
  Income:US:Babble:Vacation                            -5 VACHR

2023-12-21 * "Babble" "Payroll"
  Assets:US:BofA:Checking                         2832.14 USD
  Income:US:Babble:Salary                        -4615.38 USD
  Income:US:Babble:GroupTermLife                   -24.32 USD
  Expenses:Health:Life:GroupTermLife                24.32 USD
  Expenses:Health:Dental:Insurance                   2.90 USD
  Expenses:Health:Medical:Insurance                 27.38 USD
  Expenses:Health:Vision:Insurance                  42.30 USD
  Expenses:Taxes:Y2023:US:Medicare                 106.62 USD
  Expenses:Taxes:Y2023:US:Federal                 1062.92 USD
  Expenses:Taxes:Y2023:US:State                    365.08 USD
  Expenses:Taxes:Y2023:US:CityNYC                  174.92 USD
  Expenses:Taxes:Y2023:US:SDI                        1.12 USD
  Expenses:Taxes:Y2023:US:SocSec                     0.00 USD
  Assets:US:Babble:Vacation                             5 VACHR
  Income:US:Babble:Vacation                            -5 VACHR

2024-01-04 * "Babble" "Payroll"
  Assets:US:BofA:Checking                         1350.60 USD
  Assets:US:Vanguard:Cash                         1200.00 USD
  Income:US:Babble:Salary                        -4615.38 USD
  Income:US:Babble:GroupTermLife                   -24.32 USD
  Expenses:Health:Life:GroupTermLife                24.32 USD
  Expenses:Health:Dental:Insurance                   2.90 USD
  Expenses:Health:Medical:Insurance                 27.38 USD
  Expenses:Health:Vision:Insurance                  42.30 USD
  Expenses:Taxes:Y2024:US:Medicare                 106.62 USD
  Expenses:Taxes:Y2024:US:Federal                 1062.92 USD
  Expenses:Taxes:Y2024:US:State                    365.08 USD
  Expenses:Taxes:Y2024:US:CityNYC                  174.92 USD
  Expenses:Taxes:Y2024:US:SDI                        1.12 USD
  Expenses:Taxes:Y2024:US:SocSec                   281.54 USD
  Assets:US:Federal:PreTax401k                   -1200.00 IRAUSD
  Expenses:Taxes:Y2024:US:Federal:PreTax401k      1200.00 IRAUSD
  Assets:US:Babble:Vacation                             5 VACHR
  Income:US:Babble:Vacation                            -5 VACHR

2024-01-18 * "Babble" "Payroll"
  Assets:US:BofA:Checking                         1350.60 USD
  Assets:US:Vanguard:Cash                         1200.00 USD
  Income:US:Babble:Salary                        -4615.38 USD
  Income:US:Babble:GroupTermLife                   -24.32 USD
  Expenses:Health:Life:GroupTermLife                24.32 USD
  Expenses:Health:Dental:Insurance                   2.90 USD
  Expenses:Health:Medical:Insurance                 27.38 USD
  Expenses:Health:Vision:Insurance                  42.30 USD
  Expenses:Taxes:Y2024:US:Medicare                 106.62 USD
  Expenses:Taxes:Y2024:US:Federal                 1062.92 USD
  Expenses:Taxes:Y2024:US:State                    365.08 USD
  Expenses:Taxes:Y2024:US:CityNYC                  174.92 USD
  Expenses:Taxes:Y2024:US:SDI                        1.12 USD
  Expenses:Taxes:Y2024:US:SocSec                   281.54 USD
  Assets:US:Federal:PreTax401k                   -1200.00 IRAUSD
  Expenses:Taxes:Y2024:US:Federal:PreTax401k      1200.00 IRAUSD
  Assets:US:Babble:Vacation                             5 VACHR
  Income:US:Babble:Vacation                            -5 VACHR

2024-02-01 * "Babble" "Payroll"
  Assets:US:BofA:Checking                         1350.60 USD
  Assets:US:Vanguard:Cash                         1200.00 USD
  Income:US:Babble:Salary                        -4615.38 USD
  Income:US:Babble:GroupTermLife                   -24.32 USD
  Expenses:Health:Life:GroupTermLife                24.32 USD
  Expenses:Health:Dental:Insurance                   2.90 USD
  Expenses:Health:Medical:Insurance                 27.38 USD
  Expenses:Health:Vision:Insurance                  42.30 USD
  Expenses:Taxes:Y2024:US:Medicare                 106.62 USD
  Expenses:Taxes:Y2024:US:Federal                 1062.92 USD
  Expenses:Taxes:Y2024:US:State                    365.08 USD
  Expenses:Taxes:Y2024:US:CityNYC                  174.92 USD
  Expenses:Taxes:Y2024:US:SDI                        1.12 USD
  Expenses:Taxes:Y2024:US:SocSec                   281.54 USD
  Assets:US:Federal:PreTax401k                   -1200.00 IRAUSD
  Expenses:Taxes:Y2024:US:Federal:PreTax401k      1200.00 IRAUSD
  Assets:US:Babble:Vacation                             5 VACHR
  Income:US:Babble:Vacation                            -5 VACHR

2024-02-15 * "Babble" "Payroll"
  Assets:US:BofA:Checking                         1350.60 USD
  Assets:US:Vanguard:Cash                         1200.00 USD
  Income:US:Babble:Salary                        -4615.38 USD
  Income:US:Babble:GroupTermLife                   -24.32 USD
  Expenses:Health:Life:GroupTermLife                24.32 USD
  Expenses:Health:Dental:Insurance                   2.90 USD
  Expenses:Health:Medical:Insurance                 27.38 USD
  Expenses:Health:Vision:Insurance                  42.30 USD
  Expenses:Taxes:Y2024:US:Medicare                 106.62 USD
  Expenses:Taxes:Y2024:US:Federal                 1062.92 USD
  Expenses:Taxes:Y2024:US:State                    365.08 USD
  Expenses:Taxes:Y2024:US:CityNYC                  174.92 USD
  Expenses:Taxes:Y2024:US:SDI                        1.12 USD
  Expenses:Taxes:Y2024:US:SocSec                   281.54 USD
  Assets:US:Federal:PreTax401k                   -1200.00 IRAUSD
  Expenses:Taxes:Y2024:US:Federal:PreTax401k      1200.00 IRAUSD
  Assets:US:Babble:Vacation                             5 VACHR
  Income:US:Babble:Vacation                            -5 VACHR

2024-02-29 * "Babble" "Payroll"
  Assets:US:BofA:Checking                         1350.60 USD
  Assets:US:Vanguard:Cash                         1200.00 USD
  Income:US:Babble:Salary                        -4615.38 USD
  Income:US:Babble:GroupTermLife                   -24.32 USD
  Expenses:Health:Life:GroupTermLife                24.32 USD
  Expenses:Health:Dental:Insurance                   2.90 USD
  Expenses:Health:Medical:Insurance                 27.38 USD
  Expenses:Health:Vision:Insurance                  42.30 USD
  Expenses:Taxes:Y2024:US:Medicare                 106.62 USD
  Expenses:Taxes:Y2024:US:Federal                 1062.92 USD
  Expenses:Taxes:Y2024:US:State                    365.08 USD
  Expenses:Taxes:Y2024:US:CityNYC                  174.92 USD
  Expenses:Taxes:Y2024:US:SDI                        1.12 USD
  Expenses:Taxes:Y2024:US:SocSec                   281.54 USD
  Assets:US:Federal:PreTax401k                   -1200.00 IRAUSD
  Expenses:Taxes:Y2024:US:Federal:PreTax401k      1200.00 IRAUSD
  Assets:US:Babble:Vacation                             5 VACHR
  Income:US:Babble:Vacation                            -5 VACHR

2024-03-14 * "Babble" "Payroll"
  Assets:US:BofA:Checking                         1350.60 USD
  Assets:US:Vanguard:Cash                         1200.00 USD
  Income:US:Babble:Salary                        -4615.38 USD
  Income:US:Babble:GroupTermLife                   -24.32 USD
  Expenses:Health:Life:GroupTermLife                24.32 USD
  Expenses:Health:Dental:Insurance                   2.90 USD
  Expenses:Health:Medical:Insurance                 27.38 USD
  Expenses:Health:Vision:Insurance                  42.30 USD
  Expenses:Taxes:Y2024:US:Medicare                 106.62 USD
  Expenses:Taxes:Y2024:US:Federal                 1062.92 USD
  Expenses:Taxes:Y2024:US:State                    365.08 USD
  Expenses:Taxes:Y2024:US:CityNYC                  174.92 USD
  Expenses:Taxes:Y2024:US:SDI                        1.12 USD
  Expenses:Taxes:Y2024:US:SocSec                   281.54 USD
  Assets:US:Federal:PreTax401k                   -1200.00 IRAUSD
  Expenses:Taxes:Y2024:US:Federal:PreTax401k      1200.00 IRAUSD
  Assets:US:Babble:Vacation                             5 VACHR
  Income:US:Babble:Vacation                            -5 VACHR

2024-03-28 * "Babble" "Payroll"
  Assets:US:BofA:Checking                         1350.60 USD
  Assets:US:Vanguard:Cash                         1200.00 USD
  Income:US:Babble:Salary                        -4615.38 USD
  Income:US:Babble:GroupTermLife                   -24.32 USD
  Expenses:Health:Life:GroupTermLife                24.32 USD
  Expenses:Health:Dental:Insurance                   2.90 USD
  Expenses:Health:Medical:Insurance                 27.38 USD
  Expenses:Health:Vision:Insurance                  42.30 USD
  Expenses:Taxes:Y2024:US:Medicare                 106.62 USD
  Expenses:Taxes:Y2024:US:Federal                 1062.92 USD
  Expenses:Taxes:Y2024:US:State                    365.08 USD
  Expenses:Taxes:Y2024:US:CityNYC                  174.92 USD
  Expenses:Taxes:Y2024:US:SDI                        1.12 USD
  Expenses:Taxes:Y2024:US:SocSec                   281.54 USD
  Assets:US:Federal:PreTax401k                   -1200.00 IRAUSD
  Expenses:Taxes:Y2024:US:Federal:PreTax401k      1200.00 IRAUSD
  Assets:US:Babble:Vacation                             5 VACHR
  Income:US:Babble:Vacation                            -5 VACHR

2024-04-11 * "Babble" "Payroll"
  Assets:US:BofA:Checking                         1350.60 USD
  Assets:US:Vanguard:Cash                         1200.00 USD
  Income:US:Babble:Salary                        -4615.38 USD
  Income:US:Babble:GroupTermLife                   -24.32 USD
  Expenses:Health:Life:GroupTermLife                24.32 USD
  Expenses:Health:Dental:Insurance                   2.90 USD
  Expenses:Health:Medical:Insurance                 27.38 USD
  Expenses:Health:Vision:Insurance                  42.30 USD
  Expenses:Taxes:Y2024:US:Medicare                 106.62 USD
  Expenses:Taxes:Y2024:US:Federal                 1062.92 USD
  Expenses:Taxes:Y2024:US:State                    365.08 USD
  Expenses:Taxes:Y2024:US:CityNYC                  174.92 USD
  Expenses:Taxes:Y2024:US:SDI                        1.12 USD
  Expenses:Taxes:Y2024:US:SocSec                   281.54 USD
  Assets:US:Federal:PreTax401k                   -1200.00 IRAUSD
  Expenses:Taxes:Y2024:US:Federal:PreTax401k      1200.00 IRAUSD
  Assets:US:Babble:Vacation                             5 VACHR
  Income:US:Babble:Vacation                            -5 VACHR

2024-04-25 * "Babble" "Payroll"
  Assets:US:BofA:Checking                         1350.60 USD
  Assets:US:Vanguard:Cash                         1200.00 USD
  Income:US:Babble:Salary                        -4615.38 USD
  Income:US:Babble:GroupTermLife                   -24.32 USD
  Expenses:Health:Life:GroupTermLife                24.32 USD
  Expenses:Health:Dental:Insurance                   2.90 USD
  Expenses:Health:Medical:Insurance                 27.38 USD
  Expenses:Health:Vision:Insurance                  42.30 USD
  Expenses:Taxes:Y2024:US:Medicare                 106.62 USD
  Expenses:Taxes:Y2024:US:Federal                 1062.92 USD
  Expenses:Taxes:Y2024:US:State                    365.08 USD
  Expenses:Taxes:Y2024:US:CityNYC                  174.92 USD
  Expenses:Taxes:Y2024:US:SDI                        1.12 USD
  Expenses:Taxes:Y2024:US:SocSec                   281.54 USD
  Assets:US:Federal:PreTax401k                   -1200.00 IRAUSD
  Expenses:Taxes:Y2024:US:Federal:PreTax401k      1200.00 IRAUSD
  Assets:US:Babble:Vacation                             5 VACHR
  Income:US:Babble:Vacation                            -5 VACHR

2024-05-09 * "Babble" "Payroll"
  Assets:US:BofA:Checking                         1350.60 USD
  Assets:US:Vanguard:Cash                         1200.00 USD
  Income:US:Babble:Salary                        -4615.38 USD
  Income:US:Babble:GroupTermLife                   -24.32 USD
  Expenses:Health:Life:GroupTermLife                24.32 USD
  Expenses:Health:Dental:Insurance                   2.90 USD
  Expenses:Health:Medical:Insurance                 27.38 USD
  Expenses:Health:Vision:Insurance                  42.30 USD
  Expenses:Taxes:Y2024:US:Medicare                 106.62 USD
  Expenses:Taxes:Y2024:US:Federal                 1062.92 USD
  Expenses:Taxes:Y2024:US:State                    365.08 USD
  Expenses:Taxes:Y2024:US:CityNYC                  174.92 USD
  Expenses:Taxes:Y2024:US:SDI                        1.12 USD
  Expenses:Taxes:Y2024:US:SocSec                   281.54 USD
  Assets:US:Federal:PreTax401k                   -1200.00 IRAUSD
  Expenses:Taxes:Y2024:US:Federal:PreTax401k      1200.00 IRAUSD
  Assets:US:Babble:Vacation                             5 VACHR
  Income:US:Babble:Vacation                            -5 VACHR

2024-05-23 * "Babble" "Payroll"
  Assets:US:BofA:Checking                         1350.60 USD
  Assets:US:Vanguard:Cash                         1200.00 USD
  Income:US:Babble:Salary                        -4615.38 USD
  Income:US:Babble:GroupTermLife                   -24.32 USD
  Expenses:Health:Life:GroupTermLife                24.32 USD
  Expenses:Health:Dental:Insurance                   2.90 USD
  Expenses:Health:Medical:Insurance                 27.38 USD
  Expenses:Health:Vision:Insurance                  42.30 USD
  Expenses:Taxes:Y2024:US:Medicare                 106.62 USD
  Expenses:Taxes:Y2024:US:Federal                 1062.92 USD
  Expenses:Taxes:Y2024:US:State                    365.08 USD
  Expenses:Taxes:Y2024:US:CityNYC                  174.92 USD
  Expenses:Taxes:Y2024:US:SDI                        1.12 USD
  Expenses:Taxes:Y2024:US:SocSec                   281.54 USD
  Assets:US:Federal:PreTax401k                   -1200.00 IRAUSD
  Expenses:Taxes:Y2024:US:Federal:PreTax401k      1200.00 IRAUSD
  Assets:US:Babble:Vacation                             5 VACHR
  Income:US:Babble:Vacation                            -5 VACHR

2024-06-06 * "Babble" "Payroll"
  Assets:US:BofA:Checking                         1350.60 USD
  Assets:US:Vanguard:Cash                         1200.00 USD
  Income:US:Babble:Salary                        -4615.38 USD
  Income:US:Babble:GroupTermLife                   -24.32 USD
  Expenses:Health:Life:GroupTermLife                24.32 USD
  Expenses:Health:Dental:Insurance                   2.90 USD
  Expenses:Health:Medical:Insurance                 27.38 USD
  Expenses:Health:Vision:Insurance                  42.30 USD
  Expenses:Taxes:Y2024:US:Medicare                 106.62 USD
  Expenses:Taxes:Y2024:US:Federal                 1062.92 USD
  Expenses:Taxes:Y2024:US:State                    365.08 USD
  Expenses:Taxes:Y2024:US:CityNYC                  174.92 USD
  Expenses:Taxes:Y2024:US:SDI                        1.12 USD
  Expenses:Taxes:Y2024:US:SocSec                   281.54 USD
  Assets:US:Federal:PreTax401k                   -1200.00 IRAUSD
  Expenses:Taxes:Y2024:US:Federal:PreTax401k      1200.00 IRAUSD
  Assets:US:Babble:Vacation                             5 VACHR
  Income:US:Babble:Vacation                            -5 VACHR

2024-06-20 * "Babble" "Payroll"
  Assets:US:BofA:Checking                         1350.60 USD
  Assets:US:Vanguard:Cash                         1200.00 USD
  Income:US:Babble:Salary                        -4615.38 USD
  Income:US:Babble:GroupTermLife                   -24.32 USD
  Expenses:Health:Life:GroupTermLife                24.32 USD
  Expenses:Health:Dental:Insurance                   2.90 USD
  Expenses:Health:Medical:Insurance                 27.38 USD
  Expenses:Health:Vision:Insurance                  42.30 USD
  Expenses:Taxes:Y2024:US:Medicare                 106.62 USD
  Expenses:Taxes:Y2024:US:Federal                 1062.92 USD
  Expenses:Taxes:Y2024:US:State                    365.08 USD
  Expenses:Taxes:Y2024:US:CityNYC                  174.92 USD
  Expenses:Taxes:Y2024:US:SDI                        1.12 USD
  Expenses:Taxes:Y2024:US:SocSec                   281.54 USD
  Assets:US:Federal:PreTax401k                   -1200.00 IRAUSD
  Expenses:Taxes:Y2024:US:Federal:PreTax401k      1200.00 IRAUSD
  Assets:US:Babble:Vacation                             5 VACHR
  Income:US:Babble:Vacation                            -5 VACHR

2024-07-04 * "Babble" "Payroll"
  Assets:US:BofA:Checking                         1350.60 USD
  Assets:US:Vanguard:Cash                         1200.00 USD
  Income:US:Babble:Salary                        -4615.38 USD
  Income:US:Babble:GroupTermLife                   -24.32 USD
  Expenses:Health:Life:GroupTermLife                24.32 USD
  Expenses:Health:Dental:Insurance                   2.90 USD
  Expenses:Health:Medical:Insurance                 27.38 USD
  Expenses:Health:Vision:Insurance                  42.30 USD
  Expenses:Taxes:Y2024:US:Medicare                 106.62 USD
  Expenses:Taxes:Y2024:US:Federal                 1062.92 USD
  Expenses:Taxes:Y2024:US:State                    365.08 USD
  Expenses:Taxes:Y2024:US:CityNYC                  174.92 USD
  Expenses:Taxes:Y2024:US:SDI                        1.12 USD
  Expenses:Taxes:Y2024:US:SocSec                   281.54 USD
  Assets:US:Federal:PreTax401k                   -1200.00 IRAUSD
  Expenses:Taxes:Y2024:US:Federal:PreTax401k      1200.00 IRAUSD
  Assets:US:Babble:Vacation                             5 VACHR
  Income:US:Babble:Vacation                            -5 VACHR

2024-07-18 * "Babble" "Payroll"
  Assets:US:BofA:Checking                         1350.60 USD
  Assets:US:Vanguard:Cash                         1200.00 USD
  Income:US:Babble:Salary                        -4615.38 USD
  Income:US:Babble:GroupTermLife                   -24.32 USD
  Expenses:Health:Life:GroupTermLife                24.32 USD
  Expenses:Health:Dental:Insurance                   2.90 USD
  Expenses:Health:Medical:Insurance                 27.38 USD
  Expenses:Health:Vision:Insurance                  42.30 USD
  Expenses:Taxes:Y2024:US:Medicare                 106.62 USD
  Expenses:Taxes:Y2024:US:Federal                 1062.92 USD
  Expenses:Taxes:Y2024:US:State                    365.08 USD
  Expenses:Taxes:Y2024:US:CityNYC                  174.92 USD
  Expenses:Taxes:Y2024:US:SDI                        1.12 USD
  Expenses:Taxes:Y2024:US:SocSec                   281.54 USD
  Assets:US:Federal:PreTax401k                   -1200.00 IRAUSD
  Expenses:Taxes:Y2024:US:Federal:PreTax401k      1200.00 IRAUSD
  Assets:US:Babble:Vacation                             5 VACHR
  Income:US:Babble:Vacation                            -5 VACHR

2024-08-01 * "Babble" "Payroll"
  Assets:US:BofA:Checking                         2050.60 USD
  Assets:US:Vanguard:Cash                          500.00 USD
  Income:US:Babble:Salary                        -4615.38 USD
  Income:US:Babble:GroupTermLife                   -24.32 USD
  Expenses:Health:Life:GroupTermLife                24.32 USD
  Expenses:Health:Dental:Insurance                   2.90 USD
  Expenses:Health:Medical:Insurance                 27.38 USD
  Expenses:Health:Vision:Insurance                  42.30 USD
  Expenses:Taxes:Y2024:US:Medicare                 106.62 USD
  Expenses:Taxes:Y2024:US:Federal                 1062.92 USD
  Expenses:Taxes:Y2024:US:State                    365.08 USD
  Expenses:Taxes:Y2024:US:CityNYC                  174.92 USD
  Expenses:Taxes:Y2024:US:SDI                        1.12 USD
  Expenses:Taxes:Y2024:US:SocSec                   281.54 USD
  Assets:US:Federal:PreTax401k                    -500.00 IRAUSD
  Expenses:Taxes:Y2024:US:Federal:PreTax401k       500.00 IRAUSD
  Assets:US:Babble:Vacation                             5 VACHR
  Income:US:Babble:Vacation                            -5 VACHR

2024-08-15 * "Babble" "Payroll"
  Assets:US:BofA:Checking                         2550.60 USD
  Income:US:Babble:Salary                        -4615.38 USD
  Income:US:Babble:GroupTermLife                   -24.32 USD
  Expenses:Health:Life:GroupTermLife                24.32 USD
  Expenses:Health:Dental:Insurance                   2.90 USD
  Expenses:Health:Medical:Insurance                 27.38 USD
  Expenses:Health:Vision:Insurance                  42.30 USD
  Expenses:Taxes:Y2024:US:Medicare                 106.62 USD
  Expenses:Taxes:Y2024:US:Federal                 1062.92 USD
  Expenses:Taxes:Y2024:US:State                    365.08 USD
  Expenses:Taxes:Y2024:US:CityNYC                  174.92 USD
  Expenses:Taxes:Y2024:US:SDI                        1.12 USD
  Expenses:Taxes:Y2024:US:SocSec                   281.54 USD
  Assets:US:Babble:Vacation                             5 VACHR
  Income:US:Babble:Vacation                            -5 VACHR

2024-08-29 * "Babble" "Payroll"
  Assets:US:BofA:Checking                         2550.60 USD
  Income:US:Babble:Salary                        -4615.38 USD
  Income:US:Babble:GroupTermLife                   -24.32 USD
  Expenses:Health:Life:GroupTermLife                24.32 USD
  Expenses:Health:Dental:Insurance                   2.90 USD
  Expenses:Health:Medical:Insurance                 27.38 USD
  Expenses:Health:Vision:Insurance                  42.30 USD
  Expenses:Taxes:Y2024:US:Medicare                 106.62 USD
  Expenses:Taxes:Y2024:US:Federal                 1062.92 USD
  Expenses:Taxes:Y2024:US:State                    365.08 USD
  Expenses:Taxes:Y2024:US:CityNYC                  174.92 USD
  Expenses:Taxes:Y2024:US:SDI                        1.12 USD
  Expenses:Taxes:Y2024:US:SocSec                   281.54 USD
  Assets:US:Babble:Vacation                             5 VACHR
  Income:US:Babble:Vacation                            -5 VACHR

2024-09-12 * "Babble" "Payroll"
  Assets:US:BofA:Checking                         2550.60 USD
  Income:US:Babble:Salary                        -4615.38 USD
  Income:US:Babble:GroupTermLife                   -24.32 USD
  Expenses:Health:Life:GroupTermLife                24.32 USD
  Expenses:Health:Dental:Insurance                   2.90 USD
  Expenses:Health:Medical:Insurance                 27.38 USD
  Expenses:Health:Vision:Insurance                  42.30 USD
  Expenses:Taxes:Y2024:US:Medicare                 106.62 USD
  Expenses:Taxes:Y2024:US:Federal                 1062.92 USD
  Expenses:Taxes:Y2024:US:State                    365.08 USD
  Expenses:Taxes:Y2024:US:CityNYC                  174.92 USD
  Expenses:Taxes:Y2024:US:SDI                        1.12 USD
  Expenses:Taxes:Y2024:US:SocSec                   281.54 USD
  Assets:US:Babble:Vacation                             5 VACHR
  Income:US:Babble:Vacation                            -5 VACHR

2024-09-26 * "Babble" "Payroll"
  Assets:US:BofA:Checking                         2550.60 USD
  Income:US:Babble:Salary                        -4615.38 USD
  Income:US:Babble:GroupTermLife                   -24.32 USD
  Expenses:Health:Life:GroupTermLife                24.32 USD
  Expenses:Health:Dental:Insurance                   2.90 USD
  Expenses:Health:Medical:Insurance                 27.38 USD
  Expenses:Health:Vision:Insurance                  42.30 USD
  Expenses:Taxes:Y2024:US:Medicare                 106.62 USD
  Expenses:Taxes:Y2024:US:Federal                 1062.92 USD
  Expenses:Taxes:Y2024:US:State                    365.08 USD
  Expenses:Taxes:Y2024:US:CityNYC                  174.92 USD
  Expenses:Taxes:Y2024:US:SDI                        1.12 USD
  Expenses:Taxes:Y2024:US:SocSec                   281.54 USD
  Assets:US:Babble:Vacation                             5 VACHR
  Income:US:Babble:Vacation                            -5 VACHR



* Taxes

1980-05-12 open Income:US:Federal:PreTax401k                    IRAUSD
1980-05-12 open Assets:US:Federal:PreTax401k                    IRAUSD



** Tax Year 2022

2022-01-01 open Expenses:Taxes:Y2022:US:Federal:PreTax401k      IRAUSD
2022-01-01 open Expenses:Taxes:Y2022:US:Medicare                USD
2022-01-01 open Expenses:Taxes:Y2022:US:Federal                 USD
2022-01-01 open Expenses:Taxes:Y2022:US:CityNYC                 USD
2022-01-01 open Expenses:Taxes:Y2022:US:SDI                     USD
2022-01-01 open Expenses:Taxes:Y2022:US:State                   USD
2022-01-01 open Expenses:Taxes:Y2022:US:SocSec                  USD

2022-01-01 balance Assets:US:Federal:PreTax401k         0 IRAUSD

2022-01-01 * "Allowed contributions for one year"
  Income:US:Federal:PreTax401k                     -18500 IRAUSD
  Assets:US:Federal:PreTax401k                      18500 IRAUSD

2023-03-22 * "Filing taxes for 2022"
  Expenses:Taxes:Y2022:US:Federal                  418.18 USD
  Expenses:Taxes:Y2022:US:State                    277.43 USD
  Liabilities:AccountsPayable                     -695.61 USD

2023-03-25 * "FEDERAL TAXPYMT"
  Assets:US:BofA:Checking                         -418.18 USD
  Liabilities:AccountsPayable                      418.18 USD

2023-03-26 * "STATE TAX & FINANC PYMT"
  Assets:US:BofA:Checking                         -277.43 USD
  Liabilities:AccountsPayable                      277.43 USD



** Tax Year 2023

2023-01-01 open Expenses:Taxes:Y2023:US:Federal:PreTax401k      IRAUSD
2023-01-01 open Expenses:Taxes:Y2023:US:Medicare                USD
2023-01-01 open Expenses:Taxes:Y2023:US:Federal                 USD
2023-01-01 open Expenses:Taxes:Y2023:US:CityNYC                 USD
2023-01-01 open Expenses:Taxes:Y2023:US:SDI                     USD
2023-01-01 open Expenses:Taxes:Y2023:US:State                   USD
2023-01-01 open Expenses:Taxes:Y2023:US:SocSec                  USD

2023-01-01 balance Assets:US:Federal:PreTax401k         0 IRAUSD

2023-01-01 * "Allowed contributions for one year"
  Income:US:Federal:PreTax401k                     -18500 IRAUSD
  Assets:US:Federal:PreTax401k                      18500 IRAUSD

2024-03-24 * "Filing taxes for 2023"
  Expenses:Taxes:Y2023:US:Federal                  360.59 USD
  Expenses:Taxes:Y2023:US:State                    238.18 USD
  Liabilities:AccountsPayable                     -598.77 USD

2024-03-24 * "FEDERAL TAXPYMT"
  Assets:US:BofA:Checking                         -360.59 USD
  Liabilities:AccountsPayable                      360.59 USD

2024-03-28 * "STATE TAX & FINANC PYMT"
  Assets:US:BofA:Checking                         -238.18 USD
  Liabilities:AccountsPayable                      238.18 USD



** Tax Year 2024

2024-01-01 open Expenses:Taxes:Y2024:US:Federal:PreTax401k      IRAUSD
2024-01-01 open Expenses:Taxes:Y2024:US:Medicare                USD
2024-01-01 open Expenses:Taxes:Y2024:US:Federal                 USD
2024-01-01 open Expenses:Taxes:Y2024:US:CityNYC                 USD
2024-01-01 open Expenses:Taxes:Y2024:US:SDI                     USD
2024-01-01 open Expenses:Taxes:Y2024:US:State                   USD
2024-01-01 open Expenses:Taxes:Y2024:US:SocSec                  USD

2024-01-01 balance Assets:US:Federal:PreTax401k         0 IRAUSD

2024-01-01 * "Allowed contributions for one year"
  Income:US:Federal:PreTax401k                     -18500 IRAUSD
  Assets:US:Federal:PreTax401k                      18500 IRAUSD



* Expenses

1980-05-12 open Expenses:Food:Groceries
1980-05-12 open Expenses:Food:Restaurant
1980-05-12 open Expenses:Food:Coffee
1980-05-12 open Expenses:Food:Alcohol
1980-05-12 open Expenses:Transport:Tram
1980-05-12 open Expenses:Home:Rent
1980-05-12 open Expenses:Home:Electricity
1980-05-12 open Expenses:Home:Internet
1980-05-12 open Expenses:Home:Phone
1980-05-12 open Expenses:Financial:Fees
1980-05-12 open Expenses:Financial:Commissions



* Prices

2022-01-07 price VBMPX                             192.63 USD
2022-01-07 price RGAGX                              96.73 USD
2022-01-07 price ITOT                               40.80 USD
2022-01-07 price VEA                               159.82 USD
2022-01-07 price VHT                               142.74 USD
2022-01-07 price GLD                               191.26 USD
2022-01-14 price VBMPX                             192.51 USD
2022-01-14 price RGAGX                              96.31 USD
2022-01-14 price ITOT                               40.73 USD
2022-01-14 price VEA                               158.68 USD
2022-01-14 price VHT                               149.19 USD
2022-01-14 price GLD                               193.90 USD
2022-01-21 price VBMPX                             191.00 USD
2022-01-21 price RGAGX                              96.09 USD
2022-01-21 price ITOT                               41.04 USD
2022-01-21 price VEA                               162.22 USD
2022-01-21 price VHT                               147.54 USD
2022-01-21 price GLD                               194.19 USD
2022-01-28 price VBMPX                             189.77 USD
2022-01-28 price RGAGX                              96.37 USD
2022-01-28 price ITOT                               41.21 USD
2022-01-28 price VEA                               162.35 USD
2022-01-28 price VHT                               150.86 USD
2022-01-28 price GLD                               196.32 USD
2022-02-04 price VBMPX                             190.17 USD
2022-02-04 price RGAGX                              95.63 USD
2022-02-04 price ITOT                               41.48 USD
2022-02-04 price VEA                               161.19 USD
2022-02-04 price VHT                               156.96 USD
2022-02-04 price GLD                               191.79 USD
2022-02-11 price VBMPX                             190.85 USD
2022-02-11 price RGAGX                              95.10 USD
2022-02-11 price ITOT                               41.43 USD
2022-02-11 price VEA                               163.12 USD
2022-02-11 price VHT                               158.82 USD
2022-02-11 price GLD                               195.05 USD
2022-02-18 price VBMPX                             189.78 USD
2022-02-18 price RGAGX                              95.75 USD
2022-02-18 price ITOT                               41.48 USD
2022-02-18 price VEA                               160.86 USD
2022-02-18 price VHT                               155.60 USD
2022-02-18 price GLD                               192.67 USD
2022-02-25 price VBMPX                             187.53 USD
2022-02-25 price RGAGX                              95.73 USD
2022-02-25 price ITOT                               41.75 USD
2022-02-25 price VEA                               162.80 USD
2022-02-25 price VHT                               158.47 USD
2022-02-25 price GLD                               193.19 USD
2022-03-04 price VBMPX                             187.58 USD
2022-03-04 price RGAGX                              95.53 USD
2022-03-04 price ITOT                               41.75 USD
2022-03-04 price VEA                               164.63 USD
2022-03-04 price VHT                               157.07 USD
2022-03-04 price GLD                               192.12 USD
2022-03-11 price VBMPX                             187.76 USD
2022-03-11 price RGAGX                              96.69 USD
2022-03-11 price ITOT                               41.53 USD
2022-03-11 price VEA                               165.20 USD
2022-03-11 price VHT                               154.26 USD
2022-03-11 price GLD                               188.18 USD
2022-03-18 price VBMPX                             187.91 USD
2022-03-18 price RGAGX                              96.78 USD
2022-03-18 price ITOT                               42.08 USD
2022-03-18 price VEA                               163.27 USD
2022-03-18 price VHT                               150.65 USD
2022-03-18 price GLD                               187.61 USD
2022-03-25 price VBMPX                             186.25 USD
2022-03-25 price RGAGX                              97.23 USD
2022-03-25 price ITOT                               42.26 USD
2022-03-25 price VEA                               164.26 USD
2022-03-25 price VHT                               154.86 USD
2022-03-25 price GLD                               189.93 USD
2022-04-01 price VBMPX                             186.68 USD
2022-04-01 price RGAGX                              97.39 USD
2022-04-01 price ITOT                               42.01 USD
2022-04-01 price VEA                               169.13 USD
2022-04-01 price VHT                               157.77 USD
2022-04-01 price GLD                               192.83 USD
2022-04-08 price VBMPX                             187.31 USD
2022-04-08 price RGAGX                              97.92 USD
2022-04-08 price ITOT                               42.23 USD
2022-04-08 price VEA                               168.16 USD
2022-04-08 price VHT                               154.43 USD
2022-04-08 price GLD                               196.61 USD
2022-04-15 price VBMPX                             185.92 USD
2022-04-15 price RGAGX                              97.47 USD
2022-04-15 price ITOT                               42.09 USD
2022-04-15 price VEA                               168.63 USD
2022-04-15 price VHT                               151.18 USD
2022-04-15 price GLD                               202.24 USD
2022-04-22 price VBMPX                             185.10 USD
2022-04-22 price RGAGX                              98.33 USD
2022-04-22 price ITOT                               42.06 USD
2022-04-22 price VEA                               169.47 USD
2022-04-22 price VHT                               150.62 USD
2022-04-22 price GLD                               204.26 USD
2022-04-29 price VBMPX                             185.98 USD
2022-04-29 price RGAGX                              97.78 USD
2022-04-29 price ITOT                               42.15 USD
2022-04-29 price VEA                               173.34 USD
2022-04-29 price VHT                               150.03 USD
2022-04-29 price GLD                               206.19 USD
2022-05-06 price VBMPX                             187.34 USD
2022-05-06 price RGAGX                              97.04 USD
2022-05-06 price ITOT                               42.26 USD
2022-05-06 price VEA                               171.23 USD
2022-05-06 price VHT                               155.23 USD
2022-05-06 price GLD                               204.73 USD
2022-05-13 price VBMPX                             187.37 USD
2022-05-13 price RGAGX                              96.74 USD
2022-05-13 price ITOT                               42.28 USD
2022-05-13 price VEA                               175.35 USD
2022-05-13 price VHT                               155.24 USD
2022-05-13 price GLD                               203.91 USD
2022-05-20 price VBMPX                             187.31 USD
2022-05-20 price RGAGX                              98.16 USD
2022-05-20 price ITOT                               42.14 USD
2022-05-20 price VEA                               174.96 USD
2022-05-20 price VHT                               156.71 USD
2022-05-20 price GLD                               204.92 USD
2022-05-27 price VBMPX                             187.16 USD
2022-05-27 price RGAGX                              97.71 USD
2022-05-27 price ITOT                               42.31 USD
2022-05-27 price VEA                               173.79 USD
2022-05-27 price VHT                               160.40 USD
2022-05-27 price GLD                               207.24 USD
2022-06-03 price VBMPX                             187.42 USD
2022-06-03 price RGAGX                              96.79 USD
2022-06-03 price ITOT                               42.52 USD
2022-06-03 price VEA                               178.26 USD
2022-06-03 price VHT                               159.22 USD
2022-06-03 price GLD                               207.31 USD
2022-06-10 price VBMPX                             187.55 USD
2022-06-10 price RGAGX                              97.72 USD
2022-06-10 price ITOT                               42.57 USD
2022-06-10 price VEA                               177.61 USD
2022-06-10 price VHT                               158.48 USD
2022-06-10 price GLD                               212.47 USD
2022-06-17 price VBMPX                             186.16 USD
2022-06-17 price RGAGX                              98.33 USD
2022-06-17 price ITOT                               42.27 USD
2022-06-17 price VEA                               176.71 USD
2022-06-17 price VHT                               159.47 USD
2022-06-17 price GLD                               213.17 USD
2022-06-24 price VBMPX                             185.96 USD
2022-06-24 price RGAGX                              97.63 USD
2022-06-24 price ITOT                               42.67 USD
2022-06-24 price VEA                               175.02 USD
2022-06-24 price VHT                               160.09 USD
2022-06-24 price GLD                               215.34 USD
2022-07-01 price VBMPX                             187.46 USD
2022-07-01 price RGAGX                              97.97 USD
2022-07-01 price ITOT                               42.55 USD
2022-07-01 price VEA                               177.49 USD
2022-07-01 price VHT                               165.05 USD
2022-07-01 price GLD                               218.43 USD
2022-07-08 price VBMPX                             189.07 USD
2022-07-08 price RGAGX                              99.27 USD
2022-07-08 price ITOT                               42.59 USD
2022-07-08 price VEA                               175.78 USD
2022-07-08 price VHT                               164.62 USD
2022-07-08 price GLD                               216.36 USD
2022-07-15 price VBMPX                             190.75 USD
2022-07-15 price RGAGX                              99.01 USD
2022-07-15 price ITOT                               42.88 USD
2022-07-15 price VEA                               177.45 USD
2022-07-15 price VHT                               167.25 USD
2022-07-15 price GLD                               218.76 USD
2022-07-22 price VBMPX                             192.01 USD
2022-07-22 price RGAGX                              98.80 USD
2022-07-22 price ITOT                               42.66 USD
2022-07-22 price VEA                               178.82 USD
2022-07-22 price VHT                               170.38 USD
2022-07-22 price GLD                               214.34 USD
2022-07-29 price VBMPX                             191.51 USD
2022-07-29 price RGAGX                              98.75 USD
2022-07-29 price ITOT                               42.15 USD
2022-07-29 price VEA                               177.52 USD
2022-07-29 price VHT                               170.11 USD
2022-07-29 price GLD                               214.27 USD
2022-08-05 price VBMPX                             189.72 USD
2022-08-05 price RGAGX                              98.98 USD
2022-08-05 price ITOT                               42.21 USD
2022-08-05 price VEA                               177.33 USD
2022-08-05 price VHT                               178.45 USD
2022-08-05 price GLD                               212.55 USD
2022-08-12 price VBMPX                             188.52 USD
2022-08-12 price RGAGX                              98.90 USD
2022-08-12 price ITOT                               42.18 USD
2022-08-12 price VEA                               175.98 USD
2022-08-12 price VHT                               177.03 USD
2022-08-12 price GLD                               215.18 USD
2022-08-19 price VBMPX                             185.49 USD
2022-08-19 price RGAGX                             100.30 USD
2022-08-19 price ITOT                               42.19 USD
2022-08-19 price VEA                               177.30 USD
2022-08-19 price VHT                               174.68 USD
2022-08-19 price GLD                               215.99 USD
2022-08-26 price VBMPX                             186.58 USD
2022-08-26 price RGAGX                             100.82 USD
2022-08-26 price ITOT                               42.42 USD
2022-08-26 price VEA                               177.68 USD
2022-08-26 price VHT                               177.48 USD
2022-08-26 price GLD                               213.91 USD
2022-09-02 price VBMPX                             188.27 USD
2022-09-02 price RGAGX                             101.01 USD
2022-09-02 price ITOT                               42.33 USD
2022-09-02 price VEA                               176.51 USD
2022-09-02 price VHT                               177.37 USD
2022-09-02 price GLD                               211.53 USD
2022-09-09 price VBMPX                             188.02 USD
2022-09-09 price RGAGX                             101.02 USD
2022-09-09 price ITOT                               42.47 USD
2022-09-09 price VEA                               177.52 USD
2022-09-09 price VHT                               174.83 USD
2022-09-09 price GLD                               210.93 USD
2022-09-16 price VBMPX                             188.22 USD
2022-09-16 price RGAGX                             101.16 USD
2022-09-16 price ITOT                               42.70 USD
2022-09-16 price VEA                               173.14 USD
2022-09-16 price VHT                               172.07 USD
2022-09-16 price GLD                               215.11 USD
2022-09-23 price VBMPX                             190.47 USD
2022-09-23 price RGAGX                             102.70 USD
2022-09-23 price ITOT                               42.99 USD
2022-09-23 price VEA                               178.08 USD
2022-09-23 price VHT                               171.91 USD
2022-09-23 price GLD                               220.54 USD
2022-09-30 price VBMPX                             189.09 USD
2022-09-30 price RGAGX                             104.23 USD
2022-09-30 price ITOT                               43.23 USD
2022-09-30 price VEA                               179.46 USD
2022-09-30 price VHT                               171.47 USD
2022-09-30 price GLD                               227.89 USD
2022-10-07 price VBMPX                             192.56 USD
2022-10-07 price RGAGX                             104.74 USD
2022-10-07 price ITOT                               43.34 USD
2022-10-07 price VEA                               182.92 USD
2022-10-07 price VHT                               169.22 USD
2022-10-07 price GLD                               235.71 USD
2022-10-14 price VBMPX                             193.09 USD
2022-10-14 price RGAGX                             105.12 USD
2022-10-14 price ITOT                               43.04 USD
2022-10-14 price VEA                               182.55 USD
2022-10-14 price VHT                               170.83 USD
2022-10-14 price GLD                               236.74 USD
2022-10-21 price VBMPX                             192.56 USD
2022-10-21 price RGAGX                             104.60 USD
2022-10-21 price ITOT                               42.93 USD
2022-10-21 price VEA                               182.84 USD
2022-10-21 price VHT                               172.83 USD
2022-10-21 price GLD                               239.36 USD
2022-10-28 price VBMPX                             192.85 USD
2022-10-28 price RGAGX                             103.73 USD
2022-10-28 price ITOT                               43.02 USD
2022-10-28 price VEA                               179.63 USD
2022-10-28 price VHT                               172.96 USD
2022-10-28 price GLD                               238.18 USD
2022-11-04 price VBMPX                             193.13 USD
2022-11-04 price RGAGX                             103.13 USD
2022-11-04 price ITOT                               43.09 USD
2022-11-04 price VEA                               179.31 USD
2022-11-04 price VHT                               170.72 USD
2022-11-04 price GLD                               240.82 USD
2022-11-11 price VBMPX                             194.56 USD
2022-11-11 price RGAGX                             104.36 USD
2022-11-11 price ITOT                               42.82 USD
2022-11-11 price VEA                               180.03 USD
2022-11-11 price VHT                               171.77 USD
2022-11-11 price GLD                               243.74 USD
2022-11-18 price VBMPX                             194.70 USD
2022-11-18 price RGAGX                             104.25 USD
2022-11-18 price ITOT                               42.60 USD
2022-11-18 price VEA                               176.31 USD
2022-11-18 price VHT                               173.21 USD
2022-11-18 price GLD                               241.27 USD
2022-11-25 price VBMPX                             193.82 USD
2022-11-25 price RGAGX                             106.06 USD
2022-11-25 price ITOT                               42.80 USD
2022-11-25 price VEA                               176.55 USD
2022-11-25 price VHT                               179.03 USD
2022-11-25 price GLD                               243.10 USD
2022-12-02 price VBMPX                             191.38 USD
2022-12-02 price RGAGX                             104.74 USD
2022-12-02 price ITOT                               43.01 USD
2022-12-02 price VEA                               173.41 USD
2022-12-02 price VHT                               173.88 USD
2022-12-02 price GLD                               244.17 USD
2022-12-09 price VBMPX                             192.52 USD
2022-12-09 price RGAGX                             106.27 USD
2022-12-09 price ITOT                               43.09 USD
2022-12-09 price VEA                               178.34 USD
2022-12-09 price VHT                               172.77 USD
2022-12-09 price GLD                               248.48 USD
2022-12-16 price VBMPX                             193.72 USD
2022-12-16 price RGAGX                             107.00 USD
2022-12-16 price ITOT                               43.31 USD
2022-12-16 price VEA                               175.62 USD
2022-12-16 price VHT                               179.54 USD
2022-12-16 price GLD                               245.63 USD
2022-12-23 price VBMPX                             194.18 USD
2022-12-23 price RGAGX                             106.71 USD
2022-12-23 price ITOT                               43.32 USD
2022-12-23 price VEA                               172.71 USD
2022-12-23 price VHT                               182.26 USD
2022-12-23 price GLD                               241.22 USD
2022-12-30 price VBMPX                             195.04 USD
2022-12-30 price RGAGX                             105.68 USD
2022-12-30 price ITOT                               43.40 USD
2022-12-30 price VEA                               174.31 USD
2022-12-30 price VHT                               181.91 USD
2022-12-30 price GLD                               240.13 USD
2023-01-06 price VBMPX                             194.47 USD
2023-01-06 price RGAGX                             105.83 USD
2023-01-06 price ITOT                               43.73 USD
2023-01-06 price VEA                               176.49 USD
2023-01-06 price VHT                               170.42 USD
2023-01-06 price GLD                               241.83 USD
2023-01-13 price VBMPX                             193.49 USD
2023-01-13 price RGAGX                             105.48 USD
2023-01-13 price ITOT                               43.81 USD
2023-01-13 price VEA                               174.50 USD
2023-01-13 price VHT                               170.60 USD
2023-01-13 price GLD                               240.99 USD
2023-01-20 price VBMPX                             194.10 USD
2023-01-20 price RGAGX                             106.76 USD
2023-01-20 price ITOT                               44.08 USD
2023-01-20 price VEA                               172.48 USD
2023-01-20 price VHT                               173.09 USD
2023-01-20 price GLD                               245.09 USD
2023-01-27 price VBMPX                             192.16 USD
2023-01-27 price RGAGX                             105.70 USD
2023-01-27 price ITOT                               43.69 USD
2023-01-27 price VEA                               171.83 USD
2023-01-27 price VHT                               174.48 USD
2023-01-27 price GLD                               245.31 USD
2023-02-03 price VBMPX                             192.61 USD
2023-02-03 price RGAGX                             105.12 USD
2023-02-03 price ITOT                               44.08 USD
2023-02-03 price VEA                               174.56 USD
2023-02-03 price VHT                               171.10 USD
2023-02-03 price GLD                               241.68 USD
2023-02-10 price VBMPX                             191.62 USD
2023-02-10 price RGAGX                             106.80 USD
2023-02-10 price ITOT                               44.34 USD
2023-02-10 price VEA                               174.63 USD
2023-02-10 price VHT                               166.20 USD
2023-02-10 price GLD                               245.05 USD
2023-02-17 price VBMPX                             193.60 USD
2023-02-17 price RGAGX                             107.39 USD
2023-02-17 price ITOT                               43.93 USD
2023-02-17 price VEA                               173.17 USD
2023-02-17 price VHT                               167.00 USD
2023-02-17 price GLD                               240.22 USD
2023-02-24 price VBMPX                             193.62 USD
2023-02-24 price RGAGX                             107.70 USD
2023-02-24 price ITOT                               44.45 USD
2023-02-24 price VEA                               173.96 USD
2023-02-24 price VHT                               164.89 USD
2023-02-24 price GLD                               236.84 USD
2023-03-03 price VBMPX                             192.61 USD
2023-03-03 price RGAGX                             109.09 USD
2023-03-03 price ITOT                               44.49 USD
2023-03-03 price VEA                               169.52 USD
2023-03-03 price VHT                               162.57 USD
2023-03-03 price GLD                               237.62 USD
2023-03-10 price VBMPX                             190.49 USD
2023-03-10 price RGAGX                             109.92 USD
2023-03-10 price ITOT                               44.63 USD
2023-03-10 price VEA                               170.41 USD
2023-03-10 price VHT                               165.83 USD
2023-03-10 price GLD                               234.91 USD
2023-03-17 price VBMPX                             190.43 USD
2023-03-17 price RGAGX                             110.43 USD
2023-03-17 price ITOT                               44.53 USD
2023-03-17 price VEA                               172.19 USD
2023-03-17 price VHT                               164.42 USD
2023-03-17 price GLD                               231.24 USD
2023-03-24 price VBMPX                             188.93 USD
2023-03-24 price RGAGX                             108.90 USD
2023-03-24 price ITOT                               44.60 USD
2023-03-24 price VEA                               170.81 USD
2023-03-24 price VHT                               161.36 USD
2023-03-24 price GLD                               231.57 USD
2023-03-31 price VBMPX                             188.42 USD
2023-03-31 price RGAGX                             108.40 USD
2023-03-31 price ITOT                               44.71 USD
2023-03-31 price VEA                               173.32 USD
2023-03-31 price VHT                               157.81 USD
2023-03-31 price GLD                               231.24 USD
2023-04-07 price VBMPX                             188.78 USD
2023-04-07 price RGAGX                             109.74 USD
2023-04-07 price ITOT                               44.85 USD
2023-04-07 price VEA                               172.16 USD
2023-04-07 price VHT                               161.44 USD
2023-04-07 price GLD                               235.45 USD
2023-04-14 price VBMPX                             188.46 USD
2023-04-14 price RGAGX                             110.03 USD
2023-04-14 price ITOT                               45.13 USD
2023-04-14 price VEA                               167.67 USD
2023-04-14 price VHT                               162.03 USD
2023-04-14 price GLD                               240.03 USD
2023-04-21 price VBMPX                             188.85 USD
2023-04-21 price RGAGX                             110.42 USD
2023-04-21 price ITOT                               45.18 USD
2023-04-21 price VEA                               168.62 USD
2023-04-21 price VHT                               163.45 USD
2023-04-21 price GLD                               244.18 USD
2023-04-28 price VBMPX                             185.45 USD
2023-04-28 price RGAGX                             110.39 USD
2023-04-28 price ITOT                               45.41 USD
2023-04-28 price VEA                               168.00 USD
2023-04-28 price VHT                               162.22 USD
2023-04-28 price GLD                               241.71 USD
2023-05-05 price VBMPX                             188.11 USD
2023-05-05 price RGAGX                             110.14 USD
2023-05-05 price ITOT                               45.95 USD
2023-05-05 price VEA                               167.67 USD
2023-05-05 price VHT                               160.94 USD
2023-05-05 price GLD                               240.50 USD
2023-05-12 price VBMPX                             187.46 USD
2023-05-12 price RGAGX                             110.46 USD
2023-05-12 price ITOT                               45.77 USD
2023-05-12 price VEA                               168.80 USD
2023-05-12 price VHT                               157.47 USD
2023-05-12 price GLD                               240.08 USD
2023-05-19 price VBMPX                             187.28 USD
2023-05-19 price RGAGX                             111.30 USD
2023-05-19 price ITOT                               45.73 USD
2023-05-19 price VEA                               169.42 USD
2023-05-19 price VHT                               156.76 USD
2023-05-19 price GLD                               243.80 USD
2023-05-26 price VBMPX                             187.71 USD
2023-05-26 price RGAGX                             111.57 USD
2023-05-26 price ITOT                               45.69 USD
2023-05-26 price VEA                               168.15 USD
2023-05-26 price VHT                               155.52 USD
2023-05-26 price GLD                               245.32 USD
2023-06-02 price VBMPX                             186.58 USD
2023-06-02 price RGAGX                             111.84 USD
2023-06-02 price ITOT                               46.02 USD
2023-06-02 price VEA                               170.39 USD
2023-06-02 price VHT                               157.42 USD
2023-06-02 price GLD                               246.44 USD
2023-06-09 price VBMPX                             185.00 USD
2023-06-09 price RGAGX                             111.77 USD
2023-06-09 price ITOT                               46.14 USD
2023-06-09 price VEA                               167.93 USD
2023-06-09 price VHT                               154.02 USD
2023-06-09 price GLD                               243.53 USD
2023-06-16 price VBMPX                             185.49 USD
2023-06-16 price RGAGX                             113.66 USD
2023-06-16 price ITOT                               46.39 USD
2023-06-16 price VEA                               170.38 USD
2023-06-16 price VHT                               153.87 USD
2023-06-16 price GLD                               244.22 USD
2023-06-23 price VBMPX                             187.15 USD
2023-06-23 price RGAGX                             115.88 USD
2023-06-23 price ITOT                               46.87 USD
2023-06-23 price VEA                               174.82 USD
2023-06-23 price VHT                               150.03 USD
2023-06-23 price GLD                               244.82 USD
2023-06-30 price VBMPX                             187.14 USD
2023-06-30 price RGAGX                             116.03 USD
2023-06-30 price ITOT                               47.20 USD
2023-06-30 price VEA                               173.84 USD
2023-06-30 price VHT                               150.59 USD
2023-06-30 price GLD                               245.17 USD
2023-07-07 price VBMPX                             187.76 USD
2023-07-07 price RGAGX                             116.90 USD
2023-07-07 price ITOT                               47.15 USD
2023-07-07 price VEA                               173.65 USD
2023-07-07 price VHT                               154.43 USD
2023-07-07 price GLD                               246.20 USD
2023-07-14 price VBMPX                             186.76 USD
2023-07-14 price RGAGX                             117.42 USD
2023-07-14 price ITOT                               47.11 USD
2023-07-14 price VEA                               172.81 USD
2023-07-14 price VHT                               153.94 USD
2023-07-14 price GLD                               243.22 USD
2023-07-21 price VBMPX                             184.91 USD
2023-07-21 price RGAGX                             117.34 USD
2023-07-21 price ITOT                               47.41 USD
2023-07-21 price VEA                               177.54 USD
2023-07-21 price VHT                               153.95 USD
2023-07-21 price GLD                               248.00 USD
2023-07-28 price VBMPX                             185.23 USD
2023-07-28 price RGAGX                             118.24 USD
2023-07-28 price ITOT                               47.25 USD
2023-07-28 price VEA                               179.86 USD
2023-07-28 price VHT                               157.06 USD
2023-07-28 price GLD                               253.45 USD
2023-08-04 price VBMPX                             185.27 USD
2023-08-04 price RGAGX                             119.73 USD
2023-08-04 price ITOT                               47.31 USD
2023-08-04 price VEA                               179.72 USD
2023-08-04 price VHT                               156.24 USD
2023-08-04 price GLD                               252.00 USD
2023-08-11 price VBMPX                             185.22 USD
2023-08-11 price RGAGX                             118.91 USD
2023-08-11 price ITOT                               47.21 USD
2023-08-11 price VEA                               180.80 USD
2023-08-11 price VHT                               162.67 USD
2023-08-11 price GLD                               252.74 USD
2023-08-18 price VBMPX                             185.85 USD
2023-08-18 price RGAGX                             117.34 USD
2023-08-18 price ITOT                               47.09 USD
2023-08-18 price VEA                               179.17 USD
2023-08-18 price VHT                               158.93 USD
2023-08-18 price GLD                               251.66 USD
2023-08-25 price VBMPX                             186.30 USD
2023-08-25 price RGAGX                             115.62 USD
2023-08-25 price ITOT                               47.46 USD
2023-08-25 price VEA                               181.35 USD
2023-08-25 price VHT                               163.88 USD
2023-08-25 price GLD                               252.96 USD
2023-09-01 price VBMPX                             185.47 USD
2023-09-01 price RGAGX                             115.02 USD
2023-09-01 price ITOT                               47.34 USD
2023-09-01 price VEA                               178.33 USD
2023-09-01 price VHT                               163.01 USD
2023-09-01 price GLD                               246.40 USD
2023-09-08 price VBMPX                             185.13 USD
2023-09-08 price RGAGX                             113.96 USD
2023-09-08 price ITOT                               47.58 USD
2023-09-08 price VEA                               175.53 USD
2023-09-08 price VHT                               165.31 USD
2023-09-08 price GLD                               240.99 USD
2023-09-15 price VBMPX                             183.65 USD
2023-09-15 price RGAGX                             115.54 USD
2023-09-15 price ITOT                               47.77 USD
2023-09-15 price VEA                               172.01 USD
2023-09-15 price VHT                               162.05 USD
2023-09-15 price GLD                               242.67 USD
2023-09-22 price VBMPX                             183.69 USD
2023-09-22 price RGAGX                             115.68 USD
2023-09-22 price ITOT                               47.83 USD
2023-09-22 price VEA                               173.96 USD
2023-09-22 price VHT                               163.65 USD
2023-09-22 price GLD                               251.17 USD
2023-09-29 price VBMPX                             182.81 USD
2023-09-29 price RGAGX                             115.65 USD
2023-09-29 price ITOT                               48.18 USD
2023-09-29 price VEA                               173.48 USD
2023-09-29 price VHT                               166.39 USD
2023-09-29 price GLD                               242.88 USD
2023-10-06 price VBMPX                             182.11 USD
2023-10-06 price RGAGX                             115.59 USD
2023-10-06 price ITOT                               47.94 USD
2023-10-06 price VEA                               173.47 USD
2023-10-06 price VHT                               163.33 USD
2023-10-06 price GLD                               242.68 USD
2023-10-13 price VBMPX                             183.14 USD
2023-10-13 price RGAGX                             114.61 USD
2023-10-13 price ITOT                               48.19 USD
2023-10-13 price VEA                               175.31 USD
2023-10-13 price VHT                               161.12 USD
2023-10-13 price GLD                               245.88 USD
2023-10-20 price VBMPX                             183.65 USD
2023-10-20 price RGAGX                             117.50 USD
2023-10-20 price ITOT                               48.61 USD
2023-10-20 price VEA                               172.55 USD
2023-10-20 price VHT                               160.48 USD
2023-10-20 price GLD                               255.80 USD
2023-10-27 price VBMPX                             186.03 USD
2023-10-27 price RGAGX                             117.36 USD
2023-10-27 price ITOT                               48.79 USD
2023-10-27 price VEA                               172.35 USD
2023-10-27 price VHT                               159.66 USD
2023-10-27 price GLD                               258.06 USD
2023-11-03 price VBMPX                             183.36 USD
2023-11-03 price RGAGX                             118.09 USD
2023-11-03 price ITOT                               49.11 USD
2023-11-03 price VEA                               176.13 USD
2023-11-03 price VHT                               162.64 USD
2023-11-03 price GLD                               259.29 USD
2023-11-10 price VBMPX                             182.68 USD
2023-11-10 price RGAGX                             119.86 USD
2023-11-10 price ITOT                               49.66 USD
2023-11-10 price VEA                               175.61 USD
2023-11-10 price VHT                               158.63 USD
2023-11-10 price GLD                               258.15 USD
2023-11-17 price VBMPX                             183.32 USD
2023-11-17 price RGAGX                             120.52 USD
2023-11-17 price ITOT                               49.88 USD
2023-11-17 price VEA                               175.06 USD
2023-11-17 price VHT                               152.63 USD
2023-11-17 price GLD                               251.00 USD
2023-11-24 price VBMPX                             184.33 USD
2023-11-24 price RGAGX                             119.90 USD
2023-11-24 price ITOT                               50.09 USD
2023-11-24 price VEA                               171.08 USD
2023-11-24 price VHT                               155.61 USD
2023-11-24 price GLD                               252.19 USD
2023-12-01 price VBMPX                             184.74 USD
2023-12-01 price RGAGX                             119.76 USD
2023-12-01 price ITOT                               49.71 USD
2023-12-01 price VEA                               172.70 USD
2023-12-01 price VHT                               154.68 USD
2023-12-01 price GLD                               254.03 USD
2023-12-08 price VBMPX                             183.74 USD
2023-12-08 price RGAGX                             121.38 USD
2023-12-08 price ITOT                               49.47 USD
2023-12-08 price VEA                               170.38 USD
2023-12-08 price VHT                               155.14 USD
2023-12-08 price GLD                               255.72 USD
2023-12-15 price VBMPX                             183.87 USD
2023-12-15 price RGAGX                             120.58 USD
2023-12-15 price ITOT                               49.28 USD
2023-12-15 price VEA                               168.70 USD
2023-12-15 price VHT                               159.98 USD
2023-12-15 price GLD                               260.57 USD
2023-12-22 price VBMPX                             185.08 USD
2023-12-22 price RGAGX                             121.90 USD
2023-12-22 price ITOT                               49.63 USD
2023-12-22 price VEA                               166.10 USD
2023-12-22 price VHT                               160.79 USD
2023-12-22 price GLD                               259.18 USD
2023-12-29 price VBMPX                             186.00 USD
2023-12-29 price RGAGX                             122.12 USD
2023-12-29 price ITOT                               49.68 USD
2023-12-29 price VEA                               170.71 USD
2023-12-29 price VHT                               164.22 USD
2023-12-29 price GLD                               258.43 USD
2024-01-05 price VBMPX                             188.37 USD
2024-01-05 price RGAGX                             123.32 USD
2024-01-05 price ITOT                               50.13 USD
2024-01-05 price VEA                               167.02 USD
2024-01-05 price VHT                               168.53 USD
2024-01-05 price GLD                               257.25 USD
2024-01-12 price VBMPX                             188.01 USD
2024-01-12 price RGAGX                             124.50 USD
2024-01-12 price ITOT                               50.19 USD
2024-01-12 price VEA                               165.05 USD
2024-01-12 price VHT                               171.49 USD
2024-01-12 price GLD                               255.09 USD
2024-01-19 price VBMPX                             185.34 USD
2024-01-19 price RGAGX                             125.64 USD
2024-01-19 price ITOT                               50.19 USD
2024-01-19 price VEA                               162.58 USD
2024-01-19 price VHT                               172.20 USD
2024-01-19 price GLD                               255.78 USD
2024-01-26 price VBMPX                             184.53 USD
2024-01-26 price RGAGX                             127.82 USD
2024-01-26 price ITOT                               50.41 USD
2024-01-26 price VEA                               162.46 USD
2024-01-26 price VHT                               177.12 USD
2024-01-26 price GLD                               251.15 USD
2024-02-02 price VBMPX                             183.78 USD
2024-02-02 price RGAGX                             128.86 USD
2024-02-02 price ITOT                               50.60 USD
2024-02-02 price VEA                               162.87 USD
2024-02-02 price VHT                               180.44 USD
2024-02-02 price GLD                               250.33 USD
2024-02-09 price VBMPX                             182.82 USD
2024-02-09 price RGAGX                             129.45 USD
2024-02-09 price ITOT                               50.69 USD
2024-02-09 price VEA                               164.70 USD
2024-02-09 price VHT                               182.36 USD
2024-02-09 price GLD                               251.46 USD
2024-02-16 price VBMPX                             184.44 USD
2024-02-16 price RGAGX                             129.22 USD
2024-02-16 price ITOT                               50.92 USD
2024-02-16 price VEA                               165.12 USD
2024-02-16 price VHT                               183.53 USD
2024-02-16 price GLD                               253.54 USD
2024-02-23 price VBMPX                             185.72 USD
2024-02-23 price RGAGX                             130.36 USD
2024-02-23 price ITOT                               50.95 USD
2024-02-23 price VEA                               169.02 USD
2024-02-23 price VHT                               185.95 USD
2024-02-23 price GLD                               252.45 USD
2024-03-01 price VBMPX                             186.50 USD
2024-03-01 price RGAGX                             132.07 USD
2024-03-01 price ITOT                               51.12 USD
2024-03-01 price VEA                               165.56 USD
2024-03-01 price VHT                               189.60 USD
2024-03-01 price GLD                               252.73 USD
2024-03-08 price VBMPX                             186.23 USD
2024-03-08 price RGAGX                             131.10 USD
2024-03-08 price ITOT                               51.50 USD
2024-03-08 price VEA                               167.47 USD
2024-03-08 price VHT                               196.57 USD
2024-03-08 price GLD                               258.37 USD
2024-03-15 price VBMPX                             184.14 USD
2024-03-15 price RGAGX                             131.72 USD
2024-03-15 price ITOT                               51.31 USD
2024-03-15 price VEA                               166.63 USD
2024-03-15 price VHT                               195.38 USD
2024-03-15 price GLD                               260.32 USD
2024-03-22 price VBMPX                             183.63 USD
2024-03-22 price RGAGX                             131.10 USD
2024-03-22 price ITOT                               51.07 USD
2024-03-22 price VEA                               166.64 USD
2024-03-22 price VHT                               193.08 USD
2024-03-22 price GLD                               264.89 USD
2024-03-29 price VBMPX                             183.76 USD
2024-03-29 price RGAGX                             132.36 USD
2024-03-29 price ITOT                               51.25 USD
2024-03-29 price VEA                               166.49 USD
2024-03-29 price VHT                               187.98 USD
2024-03-29 price GLD                               262.41 USD
2024-04-05 price VBMPX                             184.50 USD
2024-04-05 price RGAGX                             131.81 USD
2024-04-05 price ITOT                               51.39 USD
2024-04-05 price VEA                               167.99 USD
2024-04-05 price VHT                               194.02 USD
2024-04-05 price GLD                               269.16 USD
2024-04-12 price VBMPX                             182.83 USD
2024-04-12 price RGAGX                             131.01 USD
2024-04-12 price ITOT                               51.30 USD
2024-04-12 price VEA                               170.53 USD
2024-04-12 price VHT                               196.44 USD
2024-04-12 price GLD                               264.56 USD
2024-04-19 price VBMPX                             183.60 USD
2024-04-19 price RGAGX                             131.66 USD
2024-04-19 price ITOT                               51.26 USD
2024-04-19 price VEA                               173.96 USD
2024-04-19 price VHT                               201.01 USD
2024-04-19 price GLD                               266.34 USD
2024-04-26 price VBMPX                             186.67 USD
2024-04-26 price RGAGX                             131.81 USD
2024-04-26 price ITOT                               51.32 USD
2024-04-26 price VEA                               168.94 USD
2024-04-26 price VHT                               201.72 USD
2024-04-26 price GLD                               262.33 USD
2024-05-03 price VBMPX                             187.14 USD
2024-05-03 price RGAGX                             131.21 USD
2024-05-03 price ITOT                               51.33 USD
2024-05-03 price VEA                               171.25 USD
2024-05-03 price VHT                               201.05 USD
2024-05-03 price GLD                               266.04 USD
2024-05-10 price VBMPX                             188.45 USD
2024-05-10 price RGAGX                             132.67 USD
2024-05-10 price ITOT                               51.42 USD
2024-05-10 price VEA                               172.49 USD
2024-05-10 price VHT                               202.31 USD
2024-05-10 price GLD                               266.45 USD
2024-05-17 price VBMPX                             186.69 USD
2024-05-17 price RGAGX                             134.17 USD
2024-05-17 price ITOT                               51.90 USD
2024-05-17 price VEA                               169.45 USD
2024-05-17 price VHT                               204.51 USD
2024-05-17 price GLD                               263.74 USD
2024-05-24 price VBMPX                             187.17 USD
2024-05-24 price RGAGX                             135.08 USD
2024-05-24 price ITOT                               52.19 USD
2024-05-24 price VEA                               172.34 USD
2024-05-24 price VHT                               204.63 USD
2024-05-24 price GLD                               263.24 USD
2024-05-31 price VBMPX                             188.87 USD
2024-05-31 price RGAGX                             134.95 USD
2024-05-31 price ITOT                               52.85 USD
2024-05-31 price VEA                               169.03 USD
2024-05-31 price VHT                               198.97 USD
2024-05-31 price GLD                               262.69 USD
2024-06-07 price VBMPX                             188.38 USD
2024-06-07 price RGAGX                             134.91 USD
2024-06-07 price ITOT                               52.93 USD
2024-06-07 price VEA                               168.04 USD
2024-06-07 price VHT                               195.45 USD
2024-06-07 price GLD                               264.91 USD
2024-06-14 price VBMPX                             189.95 USD
2024-06-14 price RGAGX                             134.60 USD
2024-06-14 price ITOT                               52.99 USD
2024-06-14 price VEA                               165.50 USD
2024-06-14 price VHT                               191.56 USD
2024-06-14 price GLD                               266.13 USD
2024-06-21 price VBMPX                             190.30 USD
2024-06-21 price RGAGX                             134.40 USD
2024-06-21 price ITOT                               53.35 USD
2024-06-21 price VEA                               163.28 USD
2024-06-21 price VHT                               194.94 USD
2024-06-21 price GLD                               269.28 USD
2024-06-28 price VBMPX                             189.09 USD
2024-06-28 price RGAGX                             135.21 USD
2024-06-28 price ITOT                               53.44 USD
2024-06-28 price VEA                               164.28 USD
2024-06-28 price VHT                               196.25 USD
2024-06-28 price GLD                               272.38 USD
2024-07-05 price VBMPX                             187.28 USD
2024-07-05 price RGAGX                             136.07 USD
2024-07-05 price ITOT                               53.63 USD
2024-07-05 price VEA                               163.15 USD
2024-07-05 price VHT                               186.79 USD
2024-07-05 price GLD                               268.57 USD
2024-07-12 price VBMPX                             188.80 USD
2024-07-12 price RGAGX                             137.99 USD
2024-07-12 price ITOT                               53.84 USD
2024-07-12 price VEA                               166.75 USD
2024-07-12 price VHT                               187.15 USD
2024-07-12 price GLD                               267.44 USD
2024-07-19 price VBMPX                             190.59 USD
2024-07-19 price RGAGX                             139.76 USD
2024-07-19 price ITOT                               53.82 USD
2024-07-19 price VEA                               165.42 USD
2024-07-19 price VHT                               183.82 USD
2024-07-19 price GLD                               262.53 USD
2024-07-26 price VBMPX                             190.77 USD
2024-07-26 price RGAGX                             140.16 USD
2024-07-26 price ITOT                               53.97 USD
2024-07-26 price VEA                               164.38 USD
2024-07-26 price VHT                               180.37 USD
2024-07-26 price GLD                               256.93 USD
2024-08-02 price VBMPX                             190.37 USD
2024-08-02 price RGAGX                             140.91 USD
2024-08-02 price ITOT                               53.75 USD
2024-08-02 price VEA                               163.59 USD
2024-08-02 price VHT                               178.82 USD
2024-08-02 price GLD                               262.45 USD
2024-08-09 price VBMPX                             191.04 USD
2024-08-09 price RGAGX                             139.75 USD
2024-08-09 price ITOT                               54.08 USD
2024-08-09 price VEA                               164.68 USD
2024-08-09 price VHT                               179.37 USD
2024-08-09 price GLD                               259.32 USD
2024-08-16 price VBMPX                             192.89 USD
2024-08-16 price RGAGX                             138.88 USD
2024-08-16 price ITOT                               54.17 USD
2024-08-16 price VEA                               165.18 USD
2024-08-16 price VHT                               181.95 USD
2024-08-16 price GLD                               256.32 USD
2024-08-23 price VBMPX                             192.15 USD
2024-08-23 price RGAGX                             137.65 USD
2024-08-23 price ITOT                               54.04 USD
2024-08-23 price VEA                               165.61 USD
2024-08-23 price VHT                               181.64 USD
2024-08-23 price GLD                               263.60 USD
2024-08-30 price VBMPX                             195.22 USD
2024-08-30 price RGAGX                             135.57 USD
2024-08-30 price ITOT                               53.38 USD
2024-08-30 price VEA                               163.84 USD
2024-08-30 price VHT                               186.48 USD
2024-08-30 price GLD                               261.47 USD
2024-09-06 price VBMPX                             195.52 USD
2024-09-06 price RGAGX                             133.09 USD
2024-09-06 price ITOT                               53.16 USD
2024-09-06 price VEA                               162.04 USD
2024-09-06 price VHT                               188.67 USD
2024-09-06 price GLD                               262.46 USD
2024-09-13 price VBMPX                             195.74 USD
2024-09-13 price RGAGX                             132.37 USD
2024-09-13 price ITOT                               53.32 USD
2024-09-13 price VEA                               161.87 USD
2024-09-13 price VHT                               192.39 USD
2024-09-13 price GLD                               260.84 USD
2024-09-20 price VBMPX                             194.95 USD
2024-09-20 price RGAGX                             132.89 USD
2024-09-20 price ITOT                               53.61 USD
2024-09-20 price VEA                               158.49 USD
2024-09-20 price VHT                               191.97 USD
2024-09-20 price GLD                               260.32 USD
2024-09-27 price VBMPX                             195.15 USD
2024-09-27 price RGAGX                             133.62 USD
2024-09-27 price ITOT                               53.93 USD
2024-09-27 price VEA                               160.31 USD
2024-09-27 price VHT                               190.22 USD
2024-09-27 price GLD                               254.51 USD
2024-10-04 price VBMPX                             195.68 USD
2024-10-04 price RGAGX                             135.93 USD
2024-10-04 price ITOT                               53.94 USD
2024-10-04 price VEA                               155.56 USD
2024-10-04 price VHT                               188.96 USD
2024-10-04 price GLD                               261.59 USD



* Cash

